"Export time:  1/30/2024, 5:13:51 PM","","ASIN","Product Name","Brand","Price","Monthly Units Sold","Daily Units Sold","Monthly Revenue","Date First Available","Net Revenue","Star Rating","Reviews","Amazon Fees","BSR","LQS","Seller Type","Sellers","Category","Product Tier","Dimensions","Weight","Link"
"","","B0CJ364XCV","Fluxxus 2 Pack Collapsible Storage Bins With Lids & Wheels, 11.5 Gal Plastic Folding Storage Bins, Stackable Storage Bins with Doors for Closet Organizers and Storage for Home, Office, Kitchen","Fluxxus","$89.99","86","1","$7,739","09/13/2023","$46.27","4.8","18","$43.72","445,561","7","FBA","1","Home & Kitchen","Oversize","13.8 x 26 x 21.7 in","12.42 lb","https://www.amazon.com/dp/B0CJ364XCV"
"Stackable Storage bins","","B0C8T9Z9HQ","KLONVS Closet Organizers and Storage, 21.13 Gallons/Piece Storage Bins with Lids, Stackable Storage Containers, Foldable Storage Boxes for Living Room, Bedroom & Dining Room(4 Pack)","KLONVS","$189.99","266","6","$50,537","09/24/2023","","4.5","373","","142,845","7","FBA","1","Home & Kitchen","","","","https://www.amazon.com/dp/B0C8T9Z9HQ"
"Average Monthly Sales: 3,392","","B0B4FZWRVR","HAIXIN Closet Organizers and Storage, Plastic Trunk Organizer, Dorm Room Essentials, 8.4 Gal Collapsible Storage Bins, Stackable Closet Organizer, 3 Pack Dorm Storage Bins with Lids and Doors","HAIXIN","$129.99","8,598","241","$1.12M","07/28/2022","$79.13","4.5","3,499","$50.86","2,311","6","FBA","3","Home & Kitchen","Oversize","12.2 x 35.43 x 19.29 in","10 lb","https://www.amazon.com/dp/B0B4FZWRVR"
"Average Revenue: $192,188","","B0CBM5QY1T","OlarHike 48QT Storage Bins with Lids - Folding Storage box with Doors and Wheels, Collapsible Plastic Storage Bins for Closets, Stackable Storage Organizer, Storage Containers for Closet, 3 Pack Cubes","OlarHike","$99.99","1,290","43","$128,987","","","4.4","153","","21,369","","FBA","","Home & Kitchen","","","","https://www.amazon.com/dp/B0CBM5QY1T"
"Average Price: $69.92","","B0CL9NDKLQ","AHEONLAR 4 Tier Plastic Storage Bins with Drawers - Foldable Stackable Storage Bins with Lids - Closet Craft Organizers and Storage - 24QT Plastic Drawer Storage for Bedroom Study Toy Room Office","AHEONLAR","$33.99","3,667","121","$124,641","10/17/2023","$16.15","3.9","105","$17.84","6,156","7","FBA","1","Home & Kitchen","Oversize","11.2 x 8.7 x 15.6 in","7.61 lb","https://www.amazon.com/dp/B0CL9NDKLQ"
"Average No. of Ratings: 1,646","","B0C4LXBJ2B","OLLIC Plastic Bins Large Storage with Lids | Korean Organizer Bin Basket Set for Organizing Baskets in Closet and Home (Gray, Large 4PK)","OLLIC","$47.99","450","15","$21,596","09/18/2023","","4.5","38","","60,121","6","FBA","1","Home & Kitchen","","","","https://www.amazon.com/dp/B0C4LXBJ2B"
"Average Sales Rank: 54,064","","B0BQ3H7PT8","Clear Storage Bin with Lid 3 Pack 【Stackable & Sturdy】Plastic Bins for Storage, Multifunctional Folding Storage Bins for Bedroom, Living Room, Study, Toy Room, 24 QT Folding Box with Magnetic door","Kmiectse","$40.99","3,980","94","$163,140","12/28/2022","$17.54","4.7","869","$23.45","8,532","7","FBA","3","Home & Kitchen","Oversize","11.02 x 8.66 x 14.96 in","4.72 kg","https://www.amazon.com/dp/B0BQ3H7PT8"
"Average Rating Number: 4.4","","B0BC8VSWC7","Vtopmart 6 Pack Clear Stackable Storage Bins with Lids, Large Plastic Containers with Handle for Pantry Organizer and Storage,Perfect for Kitchen,Fridge,Cabinet, Closet,Bathroom Organization","Vtopmart","$29.99","10,576","339","$317,174","08/28/2022","$16.66","4.7","1,436","$13.33","365","7","FBA","2","Kitchen & Dining","Standard","13.11 x 7.95 x 15.51 in","7.65 lb","https://www.amazon.com/dp/B0BC8VSWC7"
"","","B0BWLXCVB9","SAILUN 5 Pack 19.5 Gal Stackable Storage Bins Folding Storage Bins with Lid, Closet Organizers and Storage, Folding Storage Box with Doors Collapsible Storage Cabinet Bins with 8 Wheels","SAILUN","$149.99","1,157","46","$173,538","02/22/2023","","4.4","344","","19,610","7","FBA","4","Home & Kitchen","","","","https://www.amazon.com/dp/B0BWLXCVB9"
"","","B09N3NXDP2","Graciadeco Medium 15' 21 Quart Collapsible Stackable Storage Bins with Lids, 3 Packs Beige Foldable Fabric Closet Boxes Lidded Storage Bins Heavy-duty Linen Baskets Organizers and Storage for Office","Graciadeco","$35.99","3,634","105","$130,788","12/05/2021","$22.96","4.7","718","$13.03","7,406","7","FBA","1","Home & Kitchen","Standard","11.22 x 3.93 x 15.35 in","7.904 lb","https://www.amazon.com/dp/B09N3NXDP2"
"","","B08P16KRQJ","Pinkpum Stackable Plastic Storage Basket-Foldable Closet Organizers and Storage Bins 4 Pack-Drawer Shelf Storage Container for Wardrobe Cupboard Kitchen Bathroom Office 4L","Pinkpum","$37.99","3,974","89","$150,972","11/22/2020","$24.66","4.4","2,308","$13.33","9,097","7","FBA","4","Home & Kitchen","Standard","5.1 x 16.5 x 12.6 in","6.65 lb","https://www.amazon.com/dp/B08P16KRQJ"
"","","B01LWJ03CZ","IRIS Medium Bin, 8 Pack, Clear","IRIS","$36.89","558","21","$20,585","09/12/2016","$16.34","4.4","960","$20.55","13,050","5","AMZ","7","Kitchen & Dining","Oversize","12.5 x 14.75 x 12.5 in","4.85 lb","https://www.amazon.com/dp/B01LWJ03CZ"
"","","B0CGZ9ZK4Z","4 Tier Collapsible Storage Bins with Wheels and Lids - 23QT Stackable Closet Organizers, Foldable Plastic Containers for Home, Office, Dorm Room","Wise Oannes","$49.99","5,924","270","$296,141","08/30/2023","$33.96","4.3","145","$16.03","1,939","7","FBA","3","Home & Kitchen","Standard","11.34 x 7.8 x 17.24 in","7.8 lb","https://www.amazon.com/dp/B0CGZ9ZK4Z"
"","","B0CGZSL791","Kmiectse 102 QT Large Storage Bins with Lid, Plastic Storage Organizer for Living Room Bedroom, Foldable Stackable Toy Storage, Storage Containers for House Organizing, 4 Tier","Kmiectse","$149.99","750","25","$112,493","08/30/2023","","4","10","","37,757","7","FBA","1","Home & Kitchen","","","","https://www.amazon.com/dp/B0CGZSL791"
"","","B07XM8Y26Y","Amazon Basics Stackable Metal Kitchen Storage Shelves, Set of 2 - White, 12.5' L x 8' D x 4.5' H","Amazon Basics","$21.84","","","","01/12/2020","$12.13","4.3","8,037","$9.71","1,085","6","AMZ","11","Our Brands","Standard","9.331 x 13.307 x 2.52 in","3.115 lb","https://www.amazon.com/dp/B07XM8Y26Y"
"","","B09K34DL1H","Citylife 2 Packs Plastic Storage Bins with Lids Large Storage Box with Handle Stackable Containers for Organizing, 14.33 x 10.16 x 6.3 inch","ITYLIFE CITYLIFE","$22.99","332","15","$7,633","02/13/2022","$7.18","4.4","167","$15.81","62,108","6","AMZ","1","Home & Kitchen","Oversize","10.71 x 14.84 x 8.23 in","3.199 lb","https://www.amazon.com/dp/B09K34DL1H"
"","","B09B73QXGC","GRANNY SAYS Storage Baskets and Bins for Closet Shelves, Gray Handles, Organize Closet, 2-Pack","GRANNY SAYS","$19.99","2,405","65","$48,076","07/25/2021","$11.20","4.7","1,322","$8.79","13,382","6","FBA","1","Home & Kitchen","Standard","10.83 x 15.47 x 1.85 in","2.359 lb","https://www.amazon.com/dp/B09B73QXGC"
"","","B0CKSWMYSW","Kntiwiwo Foldable Storage Bin with Lids Fabric Storage Baskets with Window and Handle Large Cube Storage boxes for Closet, Shelves, Nursery, Bedroom, Home (17x11.8x11.8)","Kntiwiwo","$34.99","60","2","$2,099","10/09/2023","$13.59","4.7","30","$21.40","388,975","5","FBA","1","Home & Kitchen","Oversize","12 x 12 x 17 in","3.66 lb","https://www.amazon.com/dp/B0CKSWMYSW"
"","","B0CHRNM2YF","4 Tier Plastic Storage Bins and Boxes Organizer - Stackable with Lids for Bedroom, Living Room, Kitchen, Office - Foldable Containers","CTSNSLH","$38.99","12,180","323","$474,898","09/10/2023","$14.57","4.5","1,874","$24.42","1,452","7","FBA","2","Home & Kitchen","Oversize","10.95 x 7.4 x 17.06 in","3.57 kg","https://www.amazon.com/dp/B0CHRNM2YF"
"","","B0CHR6MKBM","SNSLXH 19QT Upgrade 4 Pack Stackable Storage Bins with 2 lids, Closet Organizers and Storage, Foldable Plastic Drawer Storage for Clothes, Toys, Clear with Black (Plastic)","SNSLXH","$41.99","2,302","46","$96,661","09/10/2023","$27.46","4.2","186","$14.53","19,574","6","FBA","7","Home & Kitchen","Standard","10 x 7.9 x 16 in","7.98 lb","https://www.amazon.com/dp/B0CHR6MKBM"
"","","B0CBQQVXFD","ReadySpace Large Plastic Containers for Organizing and Storage Bins for Closet, Kitchen, Office, or Pantry Organization, 14.75-Inch x 8-Inch x 7-Inch 6-Pack, Black","ReadySpace","$40.99","2,089","60","$85,628","08/21/2023","","4.2","147","","4,237","7","AMZ","6","Kitchen & Dining","","","","https://www.amazon.com/dp/B0CBQQVXFD"
"","","B0C9LNX9KX","Collapsible Storage Bins with Lids, Plastic Stackable Storage Bins, Folding Storage Box, Large Storage Bins with Wheels, Foldable Storage Box for Office, School, Home Storage(22.8gal, Grey - 4Pack)","Dimmeda","$179.99","266","5","$47,877","06/27/2023","","4.3","39","","158,680","7","FBA","1","Home & Kitchen","","","","https://www.amazon.com/dp/B0C9LNX9KX"
"","","B07V1PXKPP","Simple Houseware Stackable 3 Tier Sliding Basket Organizer Drawer, White","Simple Houseware","$33.87","2,136","74","$72,346","07/08/2019","$20.26","4.7","18,189","$13.61","3,290","5","FBA","1","Kitchen & Dining","Standard","11 x 17.4 x 7.5 in","6.301 lb","https://www.amazon.com/dp/B07V1PXKPP"
"","","B0CDXLYN2W","Vtopmart 12''W Clear Stackable Storage Drawers,2 Pack Acrylic Plastic Organizers Bins for Makeup Palettes, Cosmetics, and Beauty Supplies,Ideal for Vanity, Bathroom,Cabinet,Desk Organization","Vtopmart","$25.99","2,365","66","$61,466","10/31/2023","$15.36","4.8","127","$10.63","8,740","7","FBA","1","Beauty & Personal Care","Standard","7.48 x 6.89 x 12.09 in","4.86 lb","https://www.amazon.com/dp/B0CDXLYN2W"
"","","B0C4H5YGYN","Hoolerry 8 Pieces Colorful Storage Bins with Lid and Handle, Plastic Stackable Baskets Desktop Cube Box Storage Bins Cubby Bins Containers for Shelf Cabinet Bedroom Office(14.2 x 10.2 x 9.5 Inch)","Hoolerry","$76.99","310","12","$23,867","05/05/2023","$56.61","4.6","30","$20.38","79,751","6","FBA","1","Home & Kitchen","Standard","0.4 x 0.4 x 0.4 in","11.28 lb","https://www.amazon.com/dp/B0C4H5YGYN"
"","","B0CH8X6XCK","Plastic Storage Baskets With Bamboo Lid - Plastic Storage Containers Stackable Storage bins: Storage Baskets for Organizing Shelves Drawers Desktop Closet Playroom Classroom Office, 6 Pack","Ohmlove","$36.99","1,325","39","$49,012","10/12/2023","","4.6","72","","23,328","7","FBA","1","Home & Kitchen","","","","https://www.amazon.com/dp/B0CH8X6XCK"
"","","B0BW3PTBNX","JONYJ Storage Bins with Lids 23Qt, 3 Packs Stackable Storage Bins with Wheels, Magnetic Door, Leather Handle, Plastic Storage Containers for Bedroom, Living Room","JONYJ","$29.99","1,123","28","$33,679","02/16/2023","","4.6","903","","33,355","7","FBA","1","Home & Kitchen","","","","https://www.amazon.com/dp/B0BW3PTBNX"
"","","B0C6Q4LWVZ","EHAMILY 5-Tier 5Grids Folding Storage Box with Doors Clear Plastic Collapsible Storage Bins with Lids Easy to Assemble Foldable Storage Cabinets with Wheels Large Stackable Closet Organizer","EHAMILY","$99.00","60","2","$5,940","05/30/2023","$30.50","4.4","20","$68.50","320,954","7","FBA","4","Home & Kitchen","Oversize","13.58 x 55.47 x 17.32 in","13.8 lb","https://www.amazon.com/dp/B0C6Q4LWVZ"
"","","B0B3G3R5G5","Skywin Plastic Stackable Storage Bins for Pantry - Stackable Bins For Organizing Food, Kitchen, and Bathroom Essentials (Light Grey)","Skywin","$36.00","2,890","93","$104,040","06/06/2022","$22.97","4.3","4,094","$13.03","2,477","6","FBA","2","Kitchen & Dining","Standard","14 x 7 x 11 in","3.24 lb","https://www.amazon.com/dp/B0B3G3R5G5"
"","","B09C8DKB2B","Clemate Large Shoe Storage Box, 8 PACK, Shoe Organizer Shoe Box Clear Plastic Stackable, Drop Front Shoe Box with Magnetic Door, Shoe Containers For Sneaker Display, Fit up to US Size 13","Clemate","$51.99","2,428","71","$126,232","08/09/2021","$35.36","4.4","1,366","$16.63","12,036","6","FBA","3","Home & Kitchen","Standard","11.1 x 17.83 x 7.95 in","11.991 lb","https://www.amazon.com/dp/B09C8DKB2B"
"","","B0BZCZ9FC3","Storage Bins with Lids,78 Quart Plastic White Closet Organizers and Storage,4 Packs Stackable Bins with Wheels,Dual Open Collapsible Storage Bins for Home and Office","KHNR","$128.33","4,016","119","$515,373","05/05/2023","","4.4","354","","6,295","7","FBA","3","Home & Kitchen","","","","https://www.amazon.com/dp/B0BZCZ9FC3"
"","","B09NS9QTH2","Pinkpum Shoe Storage Boxes, Shoe Organizer for Closet Clear, Shoe Boxes Clear Plastic Stackable, Folable Storage Bins with Lids, 12 Pack Sneaker Storage Box Shoe Rack Containers Bins Holders Cabinet","Pinkpum","$36.99","5,185","192","$191,793","12/17/2021","$23.81","4.1","9,106","$13.18","3,264","6","FBA","4","Home & Kitchen","Standard","13.622 x 14.882 x 5 in","6.385 lb","https://www.amazon.com/dp/B09NS9QTH2"
"","","B0CHJZKS6M","villertech Stackable Storage Bins 30 Qt, Collapsible Storage Bins with Lids and Doors, Open Front Folding Storage Box with Wheels Plastic Storage Containers Closet Organizers (4 Tier)","villertech","$119.99","417","10","$50,036","10/30/2023","","4.3","61","","95,030","6","FBA","1","Home & Kitchen","","","","https://www.amazon.com/dp/B0CHJZKS6M"
"","","B0CHVKCWS7","4 Pack Folding Closet Organizers Storage Box, Stackable Plastic Storage Basket, Closet Organizers and Storage Drawer Shelf Storage, Storage Container for Cupboard Kitchen Bathroom Bedroom (4L) White","caktraie","$24.99","1,590","53","$39,734","09/11/2023","$9.26","4.8","42","$15.73","16,791","6","FBA","1","Home & Kitchen","Standard","5 x 5 x 5 in","6.58 lb","https://www.amazon.com/dp/B0CHVKCWS7"
"","","B0CBWQNP82","Closet Organizers and Storage, 204 Qt-6 Pack Storage Bins with Lids and Wheels, Collapsible Stackable Storage Bins, Plastic Foldable Box Storage Containers for Home, Ofiice, Dorm Room Essentials","ANDFZ","$129.99","811","18","$105,422","07/23/2023","","4.5","287","","52,052","7","FBA","1","Home & Kitchen","","","","https://www.amazon.com/dp/B0CBWQNP82"
"","","B0CMPWR6J4","102QT Collapsible Storage Bins with Lids - Plastic Bins with Wheels for Bedroom&Living Room, Stackable Storage Bins for Efficient Space Saving, Ideal for Clothes Organizers and Storage3-Tier","YFXCVSL","$100.99","411","20","$41,507","11/05/2023","$74.91","4.4","61","$26.08","46,544","7","FBA","2","Home & Kitchen","Standard","1 x 1 x 1 in","18.91 lb","https://www.amazon.com/dp/B0CMPWR6J4"
"","","B0BXC1LBNK","Homeforce Collapsible Plastic Storage Containers 3PACK 69 Gal - Stackable Storage Bins with Lids and Wheels, Closet Organizers and Storage, Foldable Storage Box for Dorm Bedroom Organizing,Blue","Homeforce","$95.99","433","15","$41,564","03/05/2023","$58.97","4.5","110","$37.02","61,018","7","FBA","2","Home & Kitchen","Oversize","16.5 x 13 x 23.6 in","21.1 lb","https://www.amazon.com/dp/B0BXC1LBNK"
"","","B0CBQ58Z7L","Corbyles Stackable Storage Bins 4 Pack- 19 Gal Clear Storage Bins with Lids and Wheels, Collapsible Storage Containers for Closet Organizer System, Kitchen Storage, Craft Organizers and Storage","Corbyles","$124.99","210","7","$26,248","09/11/2023","$62.59","4.7","64","$62.40","120,687","7","FBA","1","Home & Kitchen","Oversize","15.7 x 14.6 x 25.5 in","33.3 lb","https://www.amazon.com/dp/B0CBQ58Z7L"
"","","B082PJN8BD","Rubbermaid Cleverstore 30 Quart Latching Stackable Plastic Storage Bins Tote Container with Lid for Work and Home Organization, Clear (6 Pack)","Rubbermaid","$74.59","15,692","318","$1.17M","12/11/2019","$40.77","4.3","15,509","$33.82","1,493","7","AMZ","18","Home & Kitchen","Oversize","19.4 x 20.4 x 14.6 in","14.901 lb","https://www.amazon.com/dp/B082PJN8BD"
"","","B0C818YVQ1","Nafenai Stackable Collapsible Storage Bins with lids - 4 Pack 19 Gallon Large Foldable Storage Boxes with Doors and Wheels, Closet Oragnizers and Storage for Toy Home Dorm Room Essentials","Nafenai","$109.99","226","5","$24,858","06/15/2023","$-6.89","4.3","70","$116.88","169,735","7","FBA","2","Home & Kitchen","Oversize","54.53 x 14.96 x 25.59 in","25.3 lb","https://www.amazon.com/dp/B0C818YVQ1"
"","","B0CJRKHT6X","Plastic Stackable Storage Bins 4 Tier, Large Capacity Multi-Functional Storage Containers Shelves for Organizing Food, Closet, Kitchen, Office, Bathroom, Playroom, Kitchen and Pantry Organization","DOMNIU","$32.99","530","13","$17,485","09/24/2023","$2.00","4.3","62","$30.99","21,525","7","FBA","1","Kitchen & Dining","Oversize","14 x 31 x 14.5 in","6.26 lb","https://www.amazon.com/dp/B0CJRKHT6X"
"","","B08B62SPSV","Titan Mall Plastic Stackable Storage Bins 4 Pack, Stacking Bins Open Front for Kicthen, Garage and Bathroom Cabinet Organizer for Fruit, Vegetable, Snack Organization Basket Grey (Made In USA)","Titan Mall","$32.99","370","10","$12,206","06/14/2020","$20.41","4.5","4,019","$12.58","26,480","7","FBA","1","Kitchen & Dining","Standard","15 x 7 x 10 in","2.49 lb","https://www.amazon.com/dp/B08B62SPSV"
"","","B0C8H8DHWX","VVoodeinck 4 Drawer Style Wardrobe Storage Boxes with Stackable Plastic Storage Basket Wardrobe Storage Box Kitchen Bathroom Bedroom Office Storage Box Layered Storage Box17*13*7IN","VVoodeinck","$25.99","333","7","$8,655","08/28/2023","$13.26","4.4","44","$12.73","129,760","6","FBA","1","Home & Kitchen","Standard","7.09 x 13.39 x 17.32 in","7.09 lb","https://www.amazon.com/dp/B0C8H8DHWX"
"","","B0C6LJXD72","8 Pack Clear Storage Bins with Lids Stackable, Large Plastic Storage Bins with Handle for Pantry Organization and Storage, Perfect Containers for Freezer Organizer, Kitchen, Cabinets, Bathroom","theaoo","$44.99","2,333","57","$104,962","05/29/2023","","4.6","400","","4,476","7","FBA","3","Kitchen & Dining","","","","https://www.amazon.com/dp/B0C6LJXD72"
"","","B09ZKYQMVD","Vtopmart 4 Pack Clear Stackable Storage Drawers, 4.4'' Tall Acrylic Bathroom Makeup Organizer,Plastic Storage Bins For Vanity, Undersink, Kitchen Cabinets, Pantry, Home Organization and Storage","Vtopmart","$24.99","24,521","840","$612,780","05/04/2022","$14.21","4.6","7,279","$10.78","330","7","FBA","2","Beauty & Personal Care","Standard","8.94 x 12.2 x 7.44 in","5.091 lb","https://www.amazon.com/dp/B09ZKYQMVD"
"","","B0BZYPHLH3","EHAMILY 19 Gal Stackable Storage Bins with Lids 3 Pack,Collapsible Storage Bins with Doors Plastic Folding Storage Box with Wheel,Large Foldable Storage Boxes for Dormroom Clothes,Grey","EHAMILY","$129.00","985","22","$127,065","03/29/2023","$12.43","4.3","165","$116.57","43,399","7","FBA","1","Home & Kitchen","Oversize","14.92 x 40.24 x 23.82 in","9.68 kg","https://www.amazon.com/dp/B0BZYPHLH3"
"","","B0CN49Z449","Cetomo 40Qt*4 Plastic Storage Bins, Lidded Tote Storage Box with Handle, Stackable, Clear, 40Quart, 4 Pack","Cetomo","$45.90","1,230","41","$56,457","","","5","1","","22,436","","AMZ","","Home & Kitchen","","","","https://www.amazon.com/dp/B0CN49Z449"
"","","B0BBSJKS97","Skywin Plastic Stackable Storage Bins for Pantry - Stackable Bins For Organizing Food, Kitchen, and Bathroom Essentials (Grey - 8 Pack)","Skywin","$60.00","159","3","$9,540","08/23/2022","$43.07","4","32","$16.93","84,115","6","FBA","1","Kitchen & Dining","Standard","14.5 x 7 x 11.5 in","8.08 lb","https://www.amazon.com/dp/B0BBSJKS97"
"","","B0CB643MKB","HoneySky Plastic Storage Bins Organizer, 15.35'11.0032.87, White Plus Light Brown","HoneySky","$55.99","8,362","320","$468,188","07/04/2023","$23.83","4.3","260","$32.16","1,476","7","FBA","10","Home & Kitchen","Oversize","11 x 32.87 x 15.35 in","7.96 lb","https://www.amazon.com/dp/B0CB643MKB"
"","","B0C1CB8KBP","KHNR Storage Bins with Lids,48 Quart Collapsible Storage Bins,3 Pack Large Plastic Storage Bins,Closet Organizers and Storage,Double Doors Stackable Storage Bins with Wheel for Home","KHNR","$75.99","169","4","$12,842","05/31/2023","$32.09","3.9","87","$43.90","224,194","7","FBA","3","Home & Kitchen","Oversize","12.99 x 34.25 x 19.68 in","10.74 lb","https://www.amazon.com/dp/B0C1CB8KBP"
"","","B0C3B4TY7M","Gsiekare 4 Pack Storage Bin with lid, Upgraded 24 Qt Closet Organizers and Storage, Collapsible Totes For Storage, Plastic Stackable Storage Bins, Storage Box for Clothes Toys","Gsiekare","$65.99","3,810","127","$251,422","04/22/2023","$48.80","3.9","685","$17.19","5,820","7","FBA","1","Home & Kitchen","Standard","13.62 x 7.44 x 17.8 in","10.12 lb","https://www.amazon.com/dp/B0C3B4TY7M"
"","","B0BZCTXKPZ","Vtopmart 4 Pack Large Stackable Storage Drawers,Clear Acrylic Drawer Organizers with Handles, Easily Assemble for Bathroom,Kitchen Undersink,Cabinet,Closet,Makeup,Pantry organization and Storage","Vtopmart","$34.99","14,383","449","$503,261","03/22/2023","$21.51","4.7","276","$13.48","824","6","FBA","6","Home & Kitchen","Standard","7.5 x 7 x 12 in","9.81 lb","https://www.amazon.com/dp/B0BZCTXKPZ"
"","","B09VC2TWQ8","Kuject X-Large Shoe Storage Boxes Organizers for Closet 12 Pack, Clear Plastic Stackable Sneaker Containers for Entryway, Space Saving Shoe Rack Bin Holder","Kuject","$39.99","20,952","974","$837,870","03/10/2022","$25.76","4.4","9,430","$14.23","182","6","FBA","4","Home & Kitchen","Standard","10.1 x 6.42 x 13.2 in","9.69 lb","https://www.amazon.com/dp/B09VC2TWQ8"
"","","B0CC4K2T3S","ClearSpace Plastic Pantry Organization and Storage Bins with Lids  Perfect Kitchen Organization or Kitchen Storage  Fridge Organizer, Refrigerator Organizer Bins, Cabinet Organizers","ClearSpace","$54.99","2,160","71","$118,778","07/17/2023","","4.8","57","","3,488","6","FBA","1","Kitchen & Dining","","","","https://www.amazon.com/dp/B0CC4K2T3S"
"","","B0B825RMNF","CTSNSLH 4 Pack Folding Closet Organizers Storage Box, Stackable Plastic Drawer Basket for Clothing(White)","CTSNSLH","$37.99","5,702","128","$216,619","07/28/2022","","4.4","742","","5,739","7","FBA","3","Home & Kitchen","","","","https://www.amazon.com/dp/B0B825RMNF"
"","","B0CG8RJ8KQ","23Qt Storage Bins 3 Tier, Stackable Storage Bins With Lids, Collapsible Plastic Closet Organizers and Storage, Storage Containers Organizer for Bedroom Living Room Kitchen, Stackable Storage Bins","YFXCVSL","$35.99","2,430","71","$87,456","08/21/2023","$11.39","4.6","168","$24.60","12,049","7","FBA","1","Home & Kitchen","Oversize","10.6 x 24.4 x 14.6 in","6.85 lb","https://www.amazon.com/dp/B0CG8RJ8KQ"
"","","B0B4G4X43M","HAIXIN Storage Bins with Lids, Collapsible Storage Bins, Wardrobe Closet Organizer, 19 Gal Stackable Toy Storage, Foldable Plastic Storage Container with Door, Crate for Book Storage (3 Pack)","HAIXIN","$199.99","8,624","254","$1.72M","07/28/2022","$106.22","4.5","3,496","$93.77","2,131","6","FBA","2","Home & Kitchen","Oversize","15 x 43 x 25 in","14 lb","https://www.amazon.com/dp/B0B4G4X43M"
"","","B09GW5ZXWR","CLEARSPACE Plastic Storage Bins With lids  Perfect Kitchen Organization or Pantry Storage  Fridge Organizer, Pantry Organization and Storage Bins, Cabinet Organizers - 4 Pack","ClearSpace","$39.99","4,329","154","$173,117","04/17/2022","$26.36","4.7","1,219","$13.63","1,259","6","FBA","9","Kitchen & Dining","Standard","11.3 x 11.73 x 7.99 in","5.95 lb","https://www.amazon.com/dp/B09GW5ZXWR"
"","","B09Z9SGD91","Storage Bins with Lids-78 Quart Plastic Storage Bins,4 Packs Stackable Storage Bins with Wheels,White Closet Organizers and Storage,Dual Open Collapsible Storage Bins for Home and Office Storage","wookon","$176.56","774","15","$136,657","04/30/2022","$123.66","4.4","924","$52.90","62,262","7","FBA","4","Home & Kitchen","Oversize","15.8 x 26 x 15.6 in","25.849 lb","https://www.amazon.com/dp/B09Z9SGD91"
"","","B0CD7F5HGK","33.6 Quart Closet Organizers and Storage, Plastic Collapsible Stackable Storage Bins with Lids and Wheels for Home, Office and Dorm Room (4 Pack)","HoneySky","$119.99","581","13","$69,714","07/30/2023","","4.5","54","","69,034","7","FBA","2","Home & Kitchen","","","","https://www.amazon.com/dp/B0CD7F5HGK"
"","","B0CBFXBRYM","4 Pack Stackable Closet Organizers and Storage Bins, Stackable Plastic Storage Basket, Plastic Storage Drawer Basket Shelf for Clothing Cupboard Kitchen Bathroom Bedroom Office (White)","HoneySky","$29.99","290","10","$8,697","07/07/2023","$18.16","4.2","39","$11.83","94,242","7","FBA","1","Home & Kitchen","Standard","13.78 x 3.54 x 17.72 in","7 lb","https://www.amazon.com/dp/B0CBFXBRYM"
"","","B0BC929VBB","Karramlili Stackable Storage Bins With Lids,Collapsible Closet Organizers and Storage,Foldable Box with Wheels Containers for Home Kitchen Office Storage(3 Pack, 8.5Gal)","Karramlili","$108.99","494","10","$53,841","08/28/2022","","4.4","579","","87,392","7","FBA","3","Home & Kitchen","","","","https://www.amazon.com/dp/B0BC929VBB"
"","","B00UBRV7S6","Akro-Mils 30237 AkroBins Plastic Hanging Stackable Storage Organizer Bin, 9-Inch x 6-Inch x 5-Inch, Blue, 12-Pack","Akro-Mils","$67.80","603","17","$40,883","03/05/2015","$53.86","4.7","452","$13.94","20,942","7","AMZ","9","Tools & Home Improvement","Standard","6 x 5 x 9.25 in","8 oz","https://www.amazon.com/dp/B00UBRV7S6"