"Export time:  2/1/2024, 11:06:24 AM","","ASIN","Product Name","Brand","Price","Monthly Units Sold","Daily Units Sold","Monthly Revenue","Date First Available","Net Revenue","Star Rating","Reviews","Amazon Fees","BSR","LQS","Seller Type","Sellers","Category","Product Tier","Dimensions","Weight","Link"
"","","B0CJBQPQFG","Wellmet Linen Set of 2 Drum Lampshades, Easy Assembly Required 14' Top x 14' Bottom x 11' High Replacement Lamp Shades, Fabric Lampshades for Table Lamps Floor Lamps, Metal Spider Fitter","Wellmet","$64.98","165","5","$10,722","09/18/2023","$40.59","4.5","2","$24.39","69,033","6","FBA","1","Tools & Home Improvement","Oversize","14 x 11 x 14 in","2.7 lb","https://www.amazon.com/dp/B0CJBQPQFG"
"lamp shades for table lamps","","B0C282GDM1","TOCHIC Lamp Shades Large Farmhouse Empire Lampshade for Table Desk Lamp, Floor Lamp, Bedside Lamp, Assemble Required, DIY Natural Linen Hand Crafted Fabric Lamp Cover, Spider Fitter, 14'x10'x6.7'","TOCHIC","$19.99","94","2","$1,879","04/11/2023","","2.6","18","","170,796","7","FBA","2","Tools & Home Improvement","","","","https://www.amazon.com/dp/B0C282GDM1"
"Average Monthly Sales: 313","","B0CJPW4L21","Drum Fabric Lamp Shades for Table Lamps and Floor Light, Small Lamp shades Set of 2, Barrel Spider Lampshade Replacement with 8 inch Harp, Hand Crafted Cloth Lamp Cover (7.5 x 9.6 x 12 inch)","YXTH","$25.98","148","6","$3,845","09/23/2023","","4.3","224","","59,182","7","FBA","1","Tools & Home Improvement","","","","https://www.amazon.com/dp/B0CJPW4L21"
"Average Revenue: $10,870","","B0BR57MY6Q","Tootoo Star Barrel White Small Lamp Shade for Table Lamps Replacement, 5x9x7 Inch,Fabric Cloth, Spider Model (Brown)","TOOTOO STAR","$18.99","690","24","$13,103","06/14/2018","","4.3","1,299","","15,200","7","FBA","1","Tools & Home Improvement","","","","https://www.amazon.com/dp/B0BR57MY6Q"
"Average Price: $43.25","","B0C282Z23G","TOCHIC Lamp Shades Large Farmhouse Empire Lampshade for Table Desk Lamp, Floor Lamp, Bedside Lamp, Assemble Required, DIY Natural Linen Hand Crafted Fabric Lamp Cover, Spider Fitter, 18'x9'x12.7'","TOCHIC","$49.99","105","2","$5,249","04/11/2023","","2.6","18","","170,796","7","FBA","1","Tools & Home Improvement","","","","https://www.amazon.com/dp/B0C282Z23G"
"Average No. of Ratings: 450","","B09LYGSFX2","Double Brown Lamp Shade Set of 2, TOOTOO STAR Large Barrel Lampshade for Floor Light and Table Lamp 6x12x8.5 inch, DIY Fabric Natural Linen Hand Crafted, Spider (Brown, 6x12x8.5 inch)","TOOTOO STAR","$33.99","686","19","$23,317","01/21/2018","$22.46","4.5","1,221","$11.53","19,270","6","FBA","1","Tools & Home Improvement","Standard","12.68 x 17.04 x 2.52 in","1.7 lb","https://www.amazon.com/dp/B09LYGSFX2"
"Average Sales Rank: 106,442","","B0CCY5H9YG","Set of 2 Mid-Gray Medium Drum Lamp Shades 13' Top x 13' Bottom x 10' High (Spider) Traditional Lampshades for Table Lamp & Bedside Lamp - Handcrafted - By GO&SO","GO&SO","$39.99","559","17","$22,354","08/30/2023","","4.3","46","","20,926","6","FBA","1","Tools & Home Improvement","","","","https://www.amazon.com/dp/B0CCY5H9YG"
"Average Rating Number: 4.3","","B0BVV6LCKH","2 Pack HZHFCB 7 8 9 10 inch Lamp Shade Harp Holder,Adjustable Lamp Harp Kit,Fit 3/8 IP Standard,E14,E26,E27 Light Base UNO Fitter Adapter,Golden Horn Frame Lampshade Bracket (Golden)","HZHFCB","$22.99","233","4","$5,357","02/14/2023","$16.47","4.2","192","$6.52","87,109","6","FBA","1","Tools & Home Improvement","Standard","4.3 x 0.39 x 7.8 in","7.7 oz","https://www.amazon.com/dp/B0BVV6LCKH"
"","","B0BB1R2P5F","Royxen 2 Pack Metal Lamp Shades Vintage Lampshade for Table Lamp and Floor Light (Round Trees)","Royxen","$64.99","110","3","$7,149","08/17/2022","$40.98","4.7","126","$24.01","98,050","6","FBA","1","Tools & Home Improvement","Oversize","14 x 10 x 14 in","3.94 lb","https://www.amazon.com/dp/B0BB1R2P5F"
"","","B079THLH1M","Aspen Creative 32685 Transitional Empire Shape Spider Construction Lamp Shade, White, 7' Top x 13' Bottom x 9-1/2' Slant Height","Aspen Creative","$43.00","133","1","$5,719","02/13/2018","$21.15","4.2","115","$21.85","274,523","7","AMZ","8","Tools & Home Improvement","Oversize","15 x 11 x 15 in","0.64 lb","https://www.amazon.com/dp/B079THLH1M"
"","","B0BRBYBZM8","Lamp Shades Set of 2,TOOTOO STAR Imitation Sheepskin Lampshade 6' Top x 12' Bottom x 8.5' High,Floor lamp and table lamp shade spider Fitter","TOOTOO STAR","$39.99","204","6","$8,158","12/29/2022","","4.1","222","","57,476","7","FBA","1","Tools & Home Improvement","","","","https://www.amazon.com/dp/B0BRBYBZM8"
"","","B0916F2XK2","Royal Designs, Inc. Square Bell Cut Corner Fabric Lamp Shade, BSO-705-16EG, 9 x 16 x 13 inch, Eggshell, Single","Royal Designs, Inc.","$75.95","150","5","$11,393","03/25/2021","","4.7","230","","68,458","6","FBM","1","Tools & Home Improvement","","","","https://www.amazon.com/dp/B0916F2XK2"
"","","B075RKY3Q7","Royal Designs, Inc. Rectangle Bell Cut Corner Designer Lamp Shade (6.25 x 8) x (11 x 16) x 12 - Pack of 1","Royal Designs, Inc.","$72.00","304","8","$21,888","03/05/2017","$45.50","4.5","426","$26.50","45,048","6","AMZ","2","Tools & Home Improvement","Oversize","15 x 12 x 15 in","5 lb","https://www.amazon.com/dp/B075RKY3Q7"
"","","B08M675JLY","TOOTOO STAR White Lamp Shade Medium Drum Lampshade for Chandeliers Floor Light and Table Lamp 13 x 14 x 9 inch, Fabric Natural Linen Hand Crafted, Spider","TOOTOO STAR","$38.99","105","3","$4,094","01/21/2018","$19.26","4.5","937","$19.73","97,323","6","FBA","1","Tools & Home Improvement","Oversize","14.25 x 14.25 x 9.1 in","0.9 lb","https://www.amazon.com/dp/B08M675JLY"
"","","B0BRBY4YNC","Lampshade Set of 2,Tootoo Star 10x12x8' Linen Drum Shape Medium Lamp Shade Floor Table Lamp Shade (Brown)","TOOTOO STAR","$34.99","174","7","$6,088","12/29/2022","","4.3","831","","53,705","6","FBA","1","Tools & Home Improvement","","","","https://www.amazon.com/dp/B0BRBY4YNC"
"","","B076Q76JXX","Small Lamp Shade Set of 6 Chandelier Shades 3' X 6' X 5' White Linen Lampshade Clip-On Bulb","Eurus Home","$29.99","492","15","$14,755","10/29/2017","$2.11","4.6","938","$27.88","24,353","6","FBA","1","Tools & Home Improvement","Oversize","21 x 12 x 21 in","23 lb","https://www.amazon.com/dp/B076Q76JXX"
"","","B0CNT88ZB3","Bell Lamp Shades Set of 2, Beige Lampshades for Table Lamps, Floor LampsMedium Shade Replacement 6'Top x 13'Bottom x 10'High, Fabric Natural Linen Hand Crafted(Spider Fitter), Harp Holders Included","Seaside village","$38.99","330","10","$12,867","11/21/2023","","","","","35,989","7","FBA","1","Tools & Home Improvement","","","","https://www.amazon.com/dp/B0CNT88ZB3"
"","","B0C7CH58NB","TOOTOO STAR Brown Drum Lamp Shade 13.25'x14.25'x9' inches Assembly Required Natural Linen Lampshade for Table Lamp,Bedside Lamp,Floor Lamp","TOOTOO STAR","$29.99","180","4","$5,398","06/06/2023","","4.2","47","","82,654","7","FBA","1","Tools & Home Improvement","","","","https://www.amazon.com/dp/B0C7CH58NB"
"","","B07VTZYGT7","ALUCSET Medium Lamp Shade, Barrel Fabric Lampshade for Table Lamp and Floor Light, 7x13x7.8 inch,Natural Linen Hand Crafted, Spider (White)","ALUCSET","$23.99","1,283","32","$30,779","03/31/2019","$16.62","4.3","5,173","$7.37","11,146","6","FBA","1","Tools & Home Improvement","Standard","8.8 x 13.5 x 7.4 in","0.5 lb","https://www.amazon.com/dp/B07VTZYGT7"
"","","B0CNMVDTR1","ZSYATN Table Lamp for Home OfficeLED Bedside lampRGB 16 ColorsMultiple Lighting Modes Desk LampsAtmosphere Lights Suitable for Various HolidaysButterfly","ZSYATN","$19.99","","","","11/18/2023","$12.34","","","$7.65","","7","FBA","1","","Standard","1.5 x 1.5 x 1.5 in","6.4 oz","https://www.amazon.com/dp/B0CNMVDTR1"
"","","B0CLQTKZ3T","Duoerwo Black Decorative Large Lampshades Set of 2 Fabric Shades,Drum 12 Inches For Table Lamp, Floor Lamp, Pendant Light,Farmhouse Lamp,Lamp Shade Harp Holder Included","Generic","$25.99","","","","12/16/2023","","5","3","","","","FBA","1","","","","","https://www.amazon.com/dp/B0CLQTKZ3T"
"","","B0CM3B5QRP","VAVOFO Cute Rechargeable Desk lamp, Cute Kawaii Bunny lamp, Built-in 6000mAh Battery, Three Color Temperature Settings, Perfect for Children's desks and Stylish Work Spaces","VAVOFO","$14.99","","","","01/29/2024","$7.92","","","$7.07","","6","FBA","1","","Standard","2.4 x 7 x 2 in","14.39 oz","https://www.amazon.com/dp/B0CM3B5QRP"
"","","B0CNVLKJV2","Touch Bedside Table Lamp - Modern Small Lamp for Bedroom Living Room Nightstand, Desk lamp with Fabric Lamp Shade, Warm LED Bulb, 3 Way Dimmable, Simple Design Mother's Day Gifts (Silver)","LALISU","$24.99","45","2","$1,125","11/22/2023","$14.36","","","$10.63","166,360","7","FBA","1","Tools & Home Improvement","Standard","6 x 16 x 6 in","2.36 lb","https://www.amazon.com/dp/B0CNVLKJV2"
"","","B08B149F4K","Wellmet 14'x14'x11' Assembly Required Lampshade for Table Lamp, Bedside Lamp, Floor Lamp, Fabric Drum Lampshade Classic Modern Style, Spider Fitter, Cream White","Wellmet","$40.90","518","18","$21,186","06/10/2020","$29.63","3.8","2,174","$11.27","19,561","6","FBA","1","Tools & Home Improvement","Standard","4.528 x 4.134 x 12.598 in","1.102 lb","https://www.amazon.com/dp/B08B149F4K"
"","","B07W3RY5R6","ALUCSET Small Lamp Shade, Barrel Fabric Lampshade for Table Lamp and Floor Light, 6x10x7.5 inch, Natural Linen Hand Crafted, Spider (Grey)","ALUCSET","$20.99","1,329","40","$27,896","03/31/2019","$14.30","4.4","4,024","$6.69","8,627","6","FBA","1","Tools & Home Improvement","Standard","9.961 x 10.039 x 7.441 in","0.373 lb","https://www.amazon.com/dp/B07W3RY5R6"
"","","B095NQV6Y5","Metal Etching Process Large Lamp Shades, Alucset Drum Big Lampshades for Table Lamp and Floor Light, Pattern of Trees Design, 12x14x10 inch, Spider","ALUCSET","$50.99","298","9","$15,195","10/16/2019","$28.32","4.7","1,211","$22.67","38,177","6","FBA","1","Tools & Home Improvement","Oversize","14.5 x 14.5 x 11 in","2.05 lb","https://www.amazon.com/dp/B095NQV6Y5"
"","","B0BW5MSSDK","White Bedside Lamp Shades Set of 2 Replacement, Fabric Lampshades for Table Lamps Floor Lamps, Medium Lampshades 13' Top x 11' Bottom x 10' High, Drum Lampshades, Lamp Shade Harp Holder Included","Luvkczc","$27.99","2,769","38","$77,504","02/17/2023","","4.5","532","","9,153","7","FBA","2","Tools & Home Improvement","","","","https://www.amazon.com/dp/B0BW5MSSDK"
"","","B0C3VYPW5J","TOOTOO STAR 7 8 9 10 inch LampShade Harp Holder, Adjustable Lamp Harp Kit 2 Sets,Fit Both Standard Lamp Rod and E14 E26 E27 Light Base UNO Fitter Adapter Converter Finial Set (Black)","TOOTOO STAR","$19.99","68","1","$1,359","04/27/2023","$13.45","4","7","$6.54","208,123","7","FBA","1","Tools & Home Improvement","Standard","3 x 7.5 x 3 in","0.32 oz","https://www.amazon.com/dp/B0C3VYPW5J"
"","","B0CM393GGP","VAVOFO Rechargeable Desk lamp Purple","VAVOFO","$14.99","","","","","","","","","","","FBA","","","","","","https://www.amazon.com/dp/B0CM393GGP"
"","","B0C1X8LL57","Thuipwroen Double Lamp Shades 6x12.5x9 inch,Off-White Lamp shades set of 2 Lampshade for Table Lamp and Small Floor Light Natural Linen Hand Crafted Lampshades Folded Storage","Thuipwroen","$34.99","109","4","$3,814","05/07/2023","$23.95","4.3","38","$11.04","87,053","6","FBA","1","Tools & Home Improvement","Standard","12 x 2.6 x 12 in","1.54 lb","https://www.amazon.com/dp/B0C1X8LL57"
"","","B0CD76R261","NOLITOY Drum Lampshade for Table Lamps Floor Lamp, 12.9 x 12.9 x 10 inch Linen Lamp Shade Medium Fabric Lamp Cover Handcraft Lampshade Replacement","NOLITOY","$29.99","129","1","$3,869","07/30/2023","","3.6","4","","202,429","6","FBA","1","Tools & Home Improvement","","","","https://www.amazon.com/dp/B0CD76R261"
"","","B00JOREARO","Royal Designs Empire Side Pleat Basic Lamp Shade, Linen/Taupe 7.5 x 12 x 9.5","Royal Designs, Inc.","$76.63","30","1","$2,299","04/13/2014","$63.68","4.5","51","$12.95","223,161","6","AMZ","2","Tools & Home Improvement","Standard","9.5 x 7.5 x 12 in","1.05 lb","https://www.amazon.com/dp/B00JOREARO"
"","","B0BD42MLZP","Black Lampshades for Table Floor Lamp, Medium 12.7' Top x 12.7' Bottom x 10' High, Natural Linen Hand Crafted, Lamp Shade Harp Holder Included","Luvkczc","$36.99","1,889","34","$69,874","09/04/2022","","4.6","386","","10,446","7","FBA","1","Tools & Home Improvement","","","","https://www.amazon.com/dp/B0BD42MLZP"
"","","B0BZWNNSDM","White Lamp Shade - 12 x 14 x 10 inch, Medium Lamp Shades for Table Lamps and Floor Lamps, White Fabric Hardback Lampshades, Drum Spider Lampshade with 9 inch Harp, Hand Crafted Cloth Lamp Cover","SIXZOONM","$34.99","267","7","$9,342","03/28/2023","","4.4","80","","53,276","7","FBA","1","Tools & Home Improvement","","","","https://www.amazon.com/dp/B0BZWNNSDM"
"","","B0BXJH6HTF","Medium Lamp Shade, Drum Fabric Lamp Shades for Table Lamps and Floor Light, Lampshade Spider Fitter: 8.5' Top x 13' Bottom x 9.3' High, Lampshade Natural Linen Hand Crafted","SLYYMY","$24.99","230","6","$5,748","03/04/2023","","3.8","96","","60,817","7","FBA","3","Tools & Home Improvement","","","","https://www.amazon.com/dp/B0BXJH6HTF"
"","","B0BFP2C4VC","Aspen Creative 38001A Transitional Bell Shaped Collapsible Spider Construction Lamp Shade in Natural, 9' Top x 18' Bottom x 13' Slant Height","Aspen Creative","$47.99","79","3","$3,791","09/18/2022","","4.6","44","","120,296","7","AMZ","4","Tools & Home Improvement","","","","https://www.amazon.com/dp/B0BFP2C4VC"
"","","B0B5ZJ8Y73","Aspen Creative 33055, Hardback Empire Transitional Spider Lamp Shade, Mushroom Pleated Off-White, 7' Top x 13' Bottom x 10' Slant","Aspen Creative","$36.96","233","8","$8,612","07/06/2022","","4.4","23","","45,849","7","AMZ","8","Tools & Home Improvement","","","","https://www.amazon.com/dp/B0B5ZJ8Y73"
"","","B0BJ7N6ZDS","Lamp Shades For Table Lamps - Hand-Crafted Natural Linen Fabric (10' Top x 12' Diam x 9' Tall)- Fits Most Light Fixtures Nickel Spider Harp Included - Linen Fabric (White 1-Pack)","LIGHTACCENTS","$29.95","108","5","$3,235","10/13/2022","","3.6","30","","69,346","7","FBA","5","Tools & Home Improvement","","","","https://www.amazon.com/dp/B0BJ7N6ZDS"
"","","B0BR8NWS3S","Aspen Creative 32771A Transitional Hardback Empire Shaped Spider Construction Lamp Shade in Eggshell, 18' wide (7' x 18' x 12 1/2')","Aspen Creative","$67.79","450","14","$30,506","12/28/2022","","4.3","304","","25,575","7","AMZ","2","Tools & Home Improvement","","","","https://www.amazon.com/dp/B0BR8NWS3S"
"","","B00HVF3GNA","Royal Designs Shallow Bell Basic Lamp Shade, Linen White, 9 x 18 x 12","Royal Designs, Inc.","$97.68","15","1","$1,465","01/14/2014","$69.25","4.5","43","$28.43","253,819","6","AMZ","2","Tools & Home Improvement","Oversize","18 x 13 x 9 in","1.01 lb","https://www.amazon.com/dp/B00HVF3GNA"
"","","B0BZ6ZKRK6","Tootoo Star Fabric Lampshade White (6.3x6.3)' x (13x13)'' x 10.8' Octagonal Royal Bell Shade for Floor Lamp Shade and Table Lamp Shade","TOOTOO STAR","$43.99","117","3","$5,147","01/23/2018","","4.5","407","","116,961","6","FBA","1","Tools & Home Improvement","","","","https://www.amazon.com/dp/B0BZ6ZKRK6"
"","","B00UTR1P7G","Royal Designs, Inc. Deep Empire Lamp Shade - Beige - 9 x 16 x 12.25","Royal Designs, Inc.","$78.12","90","3","$7,031","03/16/2015","$48.05","4.6","420","$30.07","98,077","6","AMZ","2","Tools & Home Improvement","Oversize","15.5 x 16 x 16 in","1.05 lb","https://www.amazon.com/dp/B00UTR1P7G"
"","","B0CPCVHKYT","Lampshades Set of 2, Medium Fabric Lampshades for Table Lamps, Floor Lamps, 11.6' Top x 12.6' Bottom x 9.8' High (Beige with deers) Hand Crafted Replacement Lampshades, Lamp Shade Harp Holder Included","GUZEIR","$20.99","190","5","$3,988","12/02/2023","","","","","66,020","8","FBA","1","Tools & Home Improvement","","","","https://www.amazon.com/dp/B0CPCVHKYT"
"","","B00JJUJU0I","Royal Designs, Inc. Basic Drum Lamp Shade, White, 13' x 14' x 14', BS-719-14WH","Royal Designs, Inc.","$103.00","163","7","$16,789","04/07/2014","$75.45","4.7","708","$27.55","53,819","6","AMZ","3","Tools & Home Improvement","Oversize","14 x 14 x 14 in","1.95 lb","https://www.amazon.com/dp/B00JJUJU0I"
"","","B0CLC9XBKC","GOSO Medium Lampshade Laser Drilling Drum Lamp Shade For TableLamp,Floor Lamps,Wall Hanging,Spider Fitter 13 'Top x 13' Bottom x 10 'Heigh (Natural Linen Beige) Fabric","GO&SO","$32.99","82","2","$2,705","10/18/2023","","3.8","4","","154,937","6","FBA","2","Tools & Home Improvement","","","","https://www.amazon.com/dp/B0CLC9XBKC"
"","","B0797QVK2J","Tootoo Star Brown Large Drum Lamp Shade for Chandeliers Floor Light and Table Lamp, 12x16x11' Spider, Fabric Natural Linen Hand Crafted","TOOTOO STAR","$39.99","458","16","$18,315","01/21/2018","$16.69","4.6","574","$23.30","23,114","6","FBA","1","Tools & Home Improvement","Oversize","16.54 x 11.42 x 16.54 in","1.1 lb","https://www.amazon.com/dp/B0797QVK2J"
"","","B0BYHL8W1Q","Medium Square Lamp Shades, ALUCSET Metal Lampshade with Pattern of Arrows for Table Lamp and Floor Light, 9 x 12 x 8.8 Inch, Spider (Black/Gold)","ALUCSET","$46.99","180","3","$8,458","05/19/2021","","4.7","347","","112,504","7","FBA","1","Tools & Home Improvement","","","","https://www.amazon.com/dp/B0BYHL8W1Q"
"","","B098B83RHY","Lampshades Set of 2, Drum Lampshades 11.6' Top x 12.6' Bottom x 9.8' High, Seaside village Medium Lampshades (Spider Fitter), Beige Lampshades Natural Linen Hand Crafted, Easy Assembly Required","Seaside village","$24.98","1,921","70","$47,987","06/29/2021","$13.90","4.5","1,179","$11.08","4,471","7","FBA","7","Tools & Home Improvement","Standard","13.39 x 13.46 x 4.8 in","2.161 lb","https://www.amazon.com/dp/B098B83RHY"
"","","B00MYGYAS6","Aspen Creative 32020 Transitional Hardback Empire Shape Spider Construction Lamp Shade in White, 16' wide (14' x 16' x 12')","Aspen Creative","$54.99","30","1","$1,650","08/21/2014","$21.97","4.4","96","$33.02","223,261","6","AMZ","1","Tools & Home Improvement","Oversize","19.1 x 15.3 x 21.1 in","3.75 lb","https://www.amazon.com/dp/B00MYGYAS6"
"","","B00JMKFCGQ","Royal Designs Oval Flare Bottom Outside Corner Basic Lamp Shade, Beige, (10.5 x 7.5)'' x (18 x 14)'' x 13''' (BS-725-18BG)","Royal Designs, Inc.","$97.66","","","$2,249","04/10/2014","$78.15","4.6","35","$19.51","408,041","6","AMZ","3","Tools & Home Improvement","Oversize","18 x 13 x 10.5 in","1.01 lb","https://www.amazon.com/dp/B00JMKFCGQ"
"","","B0B49QBXGN","Aspen Creative 32197A Transitional Hardback Empire Shaped Spider Construction Lamp Shade in Off White, 12' wide (6' x 12' x 9')","Aspen Creative","$42.96","120","3","$5,155","06/15/2022","","4.4","30","","118,577","7","AMZ","4","Tools & Home Improvement","","","","https://www.amazon.com/dp/B0B49QBXGN"
"","","B0CC6D1DT4","Lamp Shades Set of 2, Drum Lamp Shades for Table Lamps and Floor Lamps, 11x11x8 inch, Floral Lamp Shades, Spider","CCKZQYR","$29.99","216","7","$6,478","07/17/2023","","4.1","17","","51,704","7","FBA","1","Tools & Home Improvement","","","","https://www.amazon.com/dp/B0CC6D1DT4"
"","","B09GXHNJPX","Empire Lamp Shade Ivory Linen Chimney White Large 6' Top x 23' Bottom x 13.5' High Spider with Replacement Harp and Finial Fitting - Springcrest","Springcrest","$49.99","164","7","$8,198","09/21/2021","$35.76","3.9","28","$14.23","48,226","5","FBM","1","Tools & Home Improvement","Standard","6.5 x 14 x 6.5 in","1.04 lb","https://www.amazon.com/dp/B09GXHNJPX"
"","","B0CDGFPR5Q","TOOTOO STAR Beige Linen Lampshades Set of 2, Medium Lamp shades 12' Top x 12' Bottom x 8' High Drum Lampshades Hand Crafted Shades Replacement for Table Lamp, Floor Lamp","TOOTOO STAR","$23.99","77","1","$1,847","08/01/2023","","3.9","15","","207,488","7","FBA","1","Tools & Home Improvement","","","","https://www.amazon.com/dp/B0CDGFPR5Q"
"","","B0B1XWNWGN","Aspen Creative 30331A Transitional Scallop Bell Shape Spider Construction Lamp Shade in Ivory, 13' wide (5' x 13' x 9 1/2')","Aspen Creative","$57.62","34","1","$1,959","05/21/2022","$44.46","4.7","38","$13.16","256,400","7","AMZ","2","Tools & Home Improvement","Standard","13 x 9.5 x 5 in","0.75 lb","https://www.amazon.com/dp/B0B1XWNWGN"
"","","B0BLJ356WX","Aspen Creative 33138, Mushroom Shaped Pleated Traditional Spider Construction Lamp Shade, White, 7' Top x 17' Bottom x 13' Slant Height","Aspen Creative","$69.96","45","2","$3,148","11/03/2022","","4.7","8","","134,748","6","AMZ","2","Tools & Home Improvement","","","","https://www.amazon.com/dp/B0BLJ356WX"
"","","B07L2VXCVZ","Aspen Creative 32688 Transitional Empire Shape Spider Construction Lamp Shade, Off White, 7' Top x 13' Bottom x 9-1/2' Slant Height","Aspen Creative","$45.75","68","1","$3,111","12/02/2018","$22.35","4.4","104","$23.40","228,531","7","AMZ","6","Tools & Home Improvement","Oversize","15.1 x 15.4 x 12.2 in","2.05 lb","https://www.amazon.com/dp/B07L2VXCVZ"
"","","B0CNV8RGJ3","Double Empire Lamp Shades Set of 2, Fabric Lampshades for Table Lamp and Floor Light,Easy Assembly Lampshade kit,Natural Linen Hand Crafted Lampshade, Spider,10 Inches (8'x10'x8', Beige)","WANKAIX","$21.99","120","4","$2,639","11/22/2023","$12.26","4.7","5","$9.73","91,844","7","FBA","1","Tools & Home Improvement","Standard","10.75 x 3.66 x 10.79 in","1.57 lb","https://www.amazon.com/dp/B0CNV8RGJ3"
"","","B0BHYW9LC9","Drum Fabric Lamp Shades for Table Lamps and Floor Light, Lampshades Spider Fitter: 7.9' Top x 12' Bottom x 10' High, Natural Linen Hand Crafted, Set of 2","SLYYMY","$25.99","288","10","$7,485","10/11/2022","","4.1","271","","34,865","7","FBA","10","Tools & Home Improvement","","","","https://www.amazon.com/dp/B0BHYW9LC9"
"","","B0CJXWL224","Suobstales Boho Flower Print Lamp Shade UNO Drum Lampshade Set of 2 Cylinder Table Lamp Cover Floor Lamp Shade Pendant Light Shade for Bedroom Living Room Kitchen","Suobstales","$54.99","","","","","","","","","373,156","","FBM","","Tools & Home Improvement","","","","https://www.amazon.com/dp/B0CJXWL224"
"","","B0CC4VYYSS","Metal Lamp Shade Iron Tree Shadow Lamp Shade E27 Clip On Lamp Shade Table Hollow Out Lampshade Light Accessories for Table Lamp Floor Light Pendant Light Cover","EXCEART","$27.59","101","2","$2,787","07/17/2023","","4","2","","148,386","7","FBA","2","Tools & Home Improvement","","","","https://www.amazon.com/dp/B0CC4VYYSS"
"","","B0000DI496","Empire Lamp Shade Ivory French Drape White Large 6' Top x 17' Bottom x 12' High Spider with Replacement Harp and Finial Fitting - Springcrest","Springcrest","$54.99","60","5","$3,299","08/31/2010","$29.06","4.8","314","$25.93","72,948","6","FBM","1","Tools & Home Improvement","Oversize","17.5 x 10.62 x 17.5 in","1.56 lb","https://www.amazon.com/dp/B0000DI496"
"","","B0CJBR8RCR","Wellmet Gray Set of 2 Drum Lampshades, Easy Assembly Required 18' Top x 18' Bottom x 12' High Replacement Lamp Shades, Fabric Lampshades for Table Lamps Floor Lamps, Metal Spider Fitter","","$69.98","150","5","$10,497","","","4.5","2","","69,033","","FBA","","Tools & Home Improvement","","","","https://www.amazon.com/dp/B0CJBR8RCR"
"","","B07LB2W56Q","Aspen Creative 30163 Transitional Bell Shape Construction Light Gold, 12' Wide (6' x 12' x 9-1/2') Spider LAMP Shade","Aspen Creative","$40.41","53","1","$2,142","12/11/2018","$17.81","4.5","119","$22.60","211,303","7","AMZ","5","Tools & Home Improvement","Oversize","15 x 15 x 12.5 in","2.15 lb","https://www.amazon.com/dp/B07LB2W56Q"
"","","B005LRT9LS","White Large Bell Lamp Shade 9' Top x 18' Bottom x 13' Slant x 12.5' High (Spider) Replacement with Harp and Finial - Imperial Shade","Imperial Shade","$69.99","140","4","$9,799","09/06/2011","$32.31","4.8","193","$37.68","78,745","6","FBM","1","Tools & Home Improvement","Oversize","20 x 21 x 16 in","6.4 lb","https://www.amazon.com/dp/B005LRT9LS"
"","","B00UVHAC1O","Philips Hue Go White and Color Portable Dimmable LED Smart Light Table Lamp (Requires Hue Hub, Works with Alexa, HomeKit and Google Assistant), White","PHILIPS","$99.99","143","5","$14,299","05/19/2015","$71.49","4.4","1,747","$28.50","75,756","7","FBA","4","Tools & Home Improvement","Oversize","15 x 7.9 x 15 in","1.1 lb","https://www.amazon.com/dp/B00UVHAC1O"
"","","B0CPPFW211","ZTM4DhAB2Plampshade Set of 2 Drum Lamp Shades - woven rattan boho Lampshade replacement Traditional Lampshades - Ideal for Table & Floor Lamps - Hand Crafted - Farmhouse Decor","Osasy","$48.58","30","1","$1,457","","","","","","256,401","","FBA","","Tools & Home Improvement","","","","https://www.amazon.com/dp/B0CPPFW211"
"","","B09F6KZRF7","Heyiarbeit 1pcs Medium Lamp Shade Barrel Fabric Lampshade for Table Lamp and Floor Light Natural Linen Hand Crafted Purple","Heyiarbeit","$18.99","240","8","$4,558","08/31/2021","","4.1","259","","42,725","7","FBA","1","Tools & Home Improvement","","1.969 x 1.969 x 1.969 in","","https://www.amazon.com/dp/B09F6KZRF7"
"","","B09MHZZ22Q","4 Pack Clear Seeded Glass Shade, YOUROKE Cylinder Clear Bubble Glass Shade 5.9in Height, 3.9in Diameter, 1.7in Fitter, High Transmittance Glass Lampshade Replacement for Pendant Light, Chandelier","Youroke","$42.99","117","3","$5,030","01/21/2022","$29.51","4.6","111","$13.48","122,595","6","FBA","2","Tools & Home Improvement","Standard","10.158 x 10.197 x 7.953 in","3.516 lb","https://www.amazon.com/dp/B09MHZZ22Q"
"","","B0BS989DYG","2-Pack Natural Linen Drum Lampshades, Fabric Light Fixtures Lamp Shades 11.6 x 12.6 x 9.8 In Hand Crafted Lampshade Replacements, Required Assembly for Table Bedside Floor Lamps, Spider Fitter, Brown","Youroke","$37.99","144","6","$5,471","01/12/2023","","4.3","168","","54,287","6","FBA","4","Tools & Home Improvement","","","","https://www.amazon.com/dp/B0BS989DYG"
"","","B0BQ3TXCC3","Eidonta Set of 2 White Lamp Shade Drum Lampshades for Table Lamp, 11.8'x12.6'x9.8', Medium Fabric Natural Linen Hand Crafted Lampshades, Double Shade Replacements for Floor Lamp, Spider Fitter","Eidonta","$41.99","67","2","$2,813","03/29/2023","","4.2","31","","129,572","7","FBA","1","Tools & Home Improvement","","","","https://www.amazon.com/dp/B0BQ3TXCC3"