"Export time:  2/8/2024, 3:28:03 PM","","ASIN","Product Name","Brand","Price","Monthly Units Sold","Daily Units Sold","Monthly Revenue","Date First Available","Net Revenue","Star Rating","Reviews","Amazon Fees","BSR","LQS","Seller Type","Sellers","Category","Product Tier","Dimensions","Weight","Link"
"","","B0B8LZZ133","Bed Sheet Organizer and Storage Size Label Bands | Sheets Set Organizers for Linen Closet - Labeled Elastic Bedding Sheet Keepers Straps for Organizing Foldable Bedsheet Sets (Queen 4PCs Pack | Cream)","ECOHomes","$9.99","9,670","276","$96,603","10/28/2022","","4.6","409","","1,876","7","FBA","2","Home & Kitchen","","","","https://www.amazon.com/dp/B0B8LZZ133"
"linen closet organization","","B0BT73TJ6K","LINENMATE Twin/Full Size (Ivory 2-Pack) - The Original 2-Pack Linen Storage Container with Sheet-Folding Assisted Panels | Bed Sheets | Duvet Covers | Pillowcases | Towels","LINENMATE","$54.97","910","19","$50,023","01/25/2023","","4.5","176","","49,237","6","FBA","1","Home & Kitchen","","","","https://www.amazon.com/dp/B0BT73TJ6K"
"Average Monthly Sales: 4,747","","B0C999YS7G","Sheet Cube Foldable Bed Sheet Set Organizer with Window and Handle for bedding, Linen Closet Sheet Organizer can Storage Sheets, Duvet Cover, Pillowcase and Towels, 4-Pack","Lukeline","$39.99","90","1","$3,599","06/24/2023","","4.1","36","","639,675","7","FBA","2","Home & Kitchen","","","","https://www.amazon.com/dp/B0C999YS7G"
"Average Revenue: $137,916","","B0CND5KBKS","Springfield Studios Stackable Bed Sheet Organizers and Storage, Each Canvas Bag holds 2 sets of Queen or King Sheet/Duvet, Upgrade your closet organizers and storage with trendy bedding storage bags","Springfield Studios","$29.99","60","2","$1,799","11/15/2023","","4.7","26","","377,262","","FBA","","Home & Kitchen","","","","https://www.amazon.com/dp/B0CND5KBKS"
"Average Price: $31.44","","B0BQC3SRHC","Fordonral 4 Pack Linen Storage Bins, Storage Containers for Organizing Clothing, Jeans, Toys, Books, Shelves, Closet, Wardrobe - Closet Organizers and Storage, Large Storage Boxes Baskets with Window","Fordonral","$24.99","1,971","57","$49,255","12/15/2022","$13.31","4.7","231","$11.68","15,516","6","FBA","4","Home & Kitchen","Standard","10.63 x 6.69 x 15.75 in","1 lb","https://www.amazon.com/dp/B0BQC3SRHC"
"Average No. of Ratings: 4,449","","B0BGHQ8D11","Yieach 4PCS Shelf Dividers,Clear Closets Shelf and Closet Separator for Organization in Bedroom,Kitchen Cabinets Shelf Storage and Office Shelves","Yieach","$17.99","1,350","49","$24,286","12/14/2022","","4.6","328","","18,492","6","FBA","1","Home & Kitchen","","","","https://www.amazon.com/dp/B0BGHQ8D11"
"Average Sales Rank: 67,887","","B0BR7MSWN2","homsorout Trapezoid Storage Bins, Foldable Closet Organization , Closet Storage Organizer for Shelves, Linen Closet Organizers and Storage for Toy, Clothes, 6 Packs (Blended)","homsorout","$39.99","1,480","42","$59,185","12/27/2022","","4.6","345","","21,800","6","FBA","1","Home & Kitchen","","","","https://www.amazon.com/dp/B0BR7MSWN2"
"Average Rating Number: 4.6","","B0CC21KM5Y","OS OMYSTYLE 8 Pieces Closet Organization Sheet Straps King Queen Twin Full, Bed Sheet Organizer Bands, Elastic Bed Sheet Storage Sheet Keepers, Linen Labels Bedding Bands","OS OMYSTYLE","$11.99","371","3","$4,448","09/02/2023","","4.7","59","","236,378","7","FBA","1","Home & Kitchen","","","","https://www.amazon.com/dp/B0CC21KM5Y"
"","","B085ZV98JM","90L Large Storage Bags, 6 Pack Clothes Storage Bins Foldable Closet Organizers Storage Containers with Durable Handle for Clothing, Blanket, Comforters, Bed Sheets, Pillows and Toys (Gray)","Budding Joy","$24.99","40,719","1,005","$1.02M","03/16/2020","$13.31","4.3","45,081","$11.68","170","6","FBA","4","Home & Kitchen","Standard","11.54 x 14.45 x 6.77 in","2.69 lb","https://www.amazon.com/dp/B085ZV98JM"
"","","B0C6JPYDV2","Siaomo Bed Sheet Organizer Bands, Sheet Set Storage Size Marking Bands, Elastic Bedding Sheet Straps Wraps for Organizing Linen ClosetQueen 4PCs | Purple","Siaomo","$7.99","843","23","$6,736","06/24/2023","","4.3","48","","40,911","6","FBA","1","Home & Kitchen","","","","https://www.amazon.com/dp/B0C6JPYDV2"
"","","B0CD45XMBX","Linen Closet Organizers And Storage, 4 Pack Closet Storage Bins Linen Closet Baskets for Closet Organization Foldable Closet Organizer Bins with Clear Window For Organizing Clothing, Jeans, Shelves","Pradnel","$25.59","538","11","$13,767","07/28/2023","$15.32","4.2","80","$10.27","83,908","7","FBA","3","Home & Kitchen","Standard","8.46 x 4.72 x 10.98 in","2.25 lb","https://www.amazon.com/dp/B0CD45XMBX"
"","","B0B825RMNF","CTSNSLH 4 Pack Folding Closet Organizers Storage Box, Stackable Plastic Drawer Basket for Clothing(White)","CTSNSLH","$37.99","3,962","79","$150,516","07/28/2022","","4.4","786","","10,494","7","FBA","6","Home & Kitchen","","","","https://www.amazon.com/dp/B0B825RMNF"
"","","B0CH2XNB9C","PHINOX Bed Sheet Organizers and Storage, 4-Pack Sheet Storage Organizer for Linen Closet, Foldable Sheet Set Organizer Zippers for Queen&King Sheets","PHINOX","$33.99","240","8","$8,158","08/31/2023","","4.6","61","","117,058","7","FBA","1","Home & Kitchen","","","","https://www.amazon.com/dp/B0CH2XNB9C"
"","","B0798GRR24","Amazon Basics Expandable Metal Hanging Storage Organizer Rack Wardrobe with Shelves, 57''-80''L X 14''WX72''H, Bronze","Amazon Basics","$98.00","","","","08/12/2018","$58.02","4.6","17,640","$39.98","2,382","6","AMZ","6","Our Brands","Oversize","15 x 29.7 x 8.4 in","43.55 lb","https://www.amazon.com/dp/B0798GRR24"
"","","B0BVM2PXSW","StorageWorks Closet Storage Bins with Clear Window and 2 Handles, Foldable Storage Baskets for Shelves, Large Fabric Organizer, Brown and Beige, 3 Pack","StorageWorks","$25.99","1,793","50","$46,600","07/12/2023","","4.7","416","","17,928","6","FBA","1","Home & Kitchen","","","","https://www.amazon.com/dp/B0BVM2PXSW"
"","","B0CJJHLSXQ","BigPonPon 3-Pack Foldable Bed Sheets Set Organizers and Storage(King & Queen Size),Linen Fabric Closet Organizers with Window,Folding Bedding Storage Box for Bedsheets and Pillow Cube Organizer","BigPonPon","$29.77","1,918","109","$57,099","09/20/2023","$17.97","4.6","67","$11.80","7,081","7","FBA","1","Home & Kitchen","Standard","12.5 x 4.7 x 15 in","5.13 lb","https://www.amazon.com/dp/B0CJJHLSXQ"
"","","B0922M88FJ","StorageWorks Underbed Storage Box, Under Bed Clothes Organizer With Sturdy Structure and Ultra Thick Fabric, Ivory White, Large, 2 pack","StorageWorks","$39.99","5,091","128","$203,589","04/07/2021","$26.96","4.8","1,222","$13.03","5,738","6","FBA","3","Home & Kitchen","Standard","13.071 x 17.323 x 3.661 in","5.445 lb","https://www.amazon.com/dp/B0922M88FJ"
"","","B092ZDHJMN","Fab totes 6 Pack Clothes Storage, Foldable Blanket Storage Bags, Storage Containers for Organizing Bedroom, Closet, Clothing, Comforter, Organization and Storage with Lids and Handle, Grey","Fab totes","$29.99","47,292","1,076","$1.42M","08/20/2021","","4.3","22,198","","147","6","FBA","8","Home & Kitchen","","","","https://www.amazon.com/dp/B092ZDHJMN"
"","","B0811PXNBJ","StorageWorks Storage Bins, Extra Large Closet Storage Bins for Organizing, Fabric Storage Baskets with Handles, Rectangle Storage Baskets for Closet, Natural Color, 2-Pack","StorageWorks","$27.99","8,785","244","$245,892","11/04/2019","$17.36","4.6","4,785","$10.63","2,268","6","FBA","2","Home & Kitchen","Standard","12.95 x 17.2 x 2.13 in","3.419 lb","https://www.amazon.com/dp/B0811PXNBJ"
"","","B0C9H8QK29","Fabspace Pull-out Home Organizer, 2 Pack 2 Tier Clear Bathroom Organizer with Dividers, Multipurpose Vanity Counter Tray, Kitchen, Closet Organizers, Cabinet & Storage Container Bins","Fabspace","$23.99","3,011","74","$72,234","08/12/2023","$13.06","4.3","433","$10.93","3,285","7","FBA","1","Kitchen & Dining","Standard","7 x 10.6 x 11.8 in","4.55 lb","https://www.amazon.com/dp/B0C9H8QK29"
"","","B08R5BN6DH","Closet Organization And Storage Baskets (Set of 9) - Perfect Storage Baskets for Bathroom, Laundry, Baby Nursery Clothes, Linen Closet, Kitchen Pantry or Use As Baskets for Organizing (Dark Grey)","NEATERIZE","$38.96","1,816","48","$70,751","03/25/2021","$25.79","4.8","2,260","$13.17","18,976","7","FBA","1","Home & Kitchen","Standard","13.15 x 15.35 x 4.8 in","4.61 lb","https://www.amazon.com/dp/B08R5BN6DH"
"","","B0CMJBYYYK","MLGOGO Bed Sheet Organizer 8 Pcs. Set (6+2) Foldable Linen Closet Storage Containers for King/Queen Size Sheets & 6 Elastic Bands. Bedding Storage Linen Closet Organizers w/Window & Handle (Black)","MLGOGO","$49.13","320","10","$15,722","11/02/2023","","4.7","20","","87,150","6","FBA","1","Home & Kitchen","","","","https://www.amazon.com/dp/B0CMJBYYYK"
"","","B0C9Q7F5NG","SpaceAid 4 Pack Bed Sheet Organizers and Storage, Foldable Sheet Organizer for Linen Closet, Sheets Set Folder Keeper with Window XL (Queen & King Size) Organizing Bedding Container, White","SpaceAid","$49.98","6,528","197","$326,269","06/28/2023","$35.15","4.6","258","$14.83","3,149","6","FBA","1","Home & Kitchen","Standard","5 x 12.8 x 15 in","2.57 lb","https://www.amazon.com/dp/B0C9Q7F5NG"
"","","B0CFQWFXR8","LayerSpace 3 Pack Large Fabric Storage Bins for Shelves | 14.57x10.24x9.5in Closet Storage Bins | Collapsible Storage Bins for Organization | Linen Clothes Storage Bins | White & Ivory","LayerSpace","$26.99","1,469","32","$39,648","08/14/2023","$7.92","4.8","124","$19.07","29,176","6","FBA","1","Home & Kitchen","Oversize","12.01 x 10.79 x 17.72 in","3.21 lb","https://www.amazon.com/dp/B0CFQWFXR8"
"","","B0BVHN92RN","Proarea 4 Pack Stackable Plastic Storage Basket Closet Organizer Bin Foldable Clothes Organizer Storage Drawer Shelf Container for Living Room Bathroom Kitchen Office (4L)","Proarea","$39.99","1,047","33","$41,870","02/10/2023","$25.16","4.4","138","$14.83","27,740","7","FBA","1","Home & Kitchen","Standard","13.1 x 7.3 x 16.6 in","6.34 lb","https://www.amazon.com/dp/B0BVHN92RN"
"","","B0C9PL48DM","BIKTIC SheetCube Bed Sheet Organizers and Storage,4 Pack Sheet Folder Organizer (Queen or King Size), Linen Closet Organizer for Bedding Sheets,Duvet Covers and Pillow cases,Grey","BIKTIC","$39.99","1,419","48","$56,746","07/31/2023","","4.8","372","","18,639","7","FBA","4","Home & Kitchen","","","","https://www.amazon.com/dp/B0C9PL48DM"
"","","B08P16KRQJ","Pinkpum Stackable Plastic Storage Basket-Foldable Closet Organizers and Storage Bins 4 Pack-Drawer Shelf Storage Container for Wardrobe Cupboard Kitchen Bathroom Office 4L","Pinkpum","$37.99","3,956","271","$150,288","11/22/2020","$24.66","4.4","2,329","$13.33","1,925","7","FBA","4","Home & Kitchen","Standard","5.1 x 16.5 x 12.6 in","6.65 lb","https://www.amazon.com/dp/B08P16KRQJ"
"","","B0C9QBRQB4","SpaceAid 4 Pack Bed Sheet Organizers and Storage, Foldable Sheet Organizer for Linen Closet, Sheets Set Folder Keeper with Window XL (Queen & King Size) Organizing Bedding Container, Gray","SpaceAid","$39.98","6,704","197","$268,026","06/28/2023","","4.6","258","","3,149","6","FBA","2","Home & Kitchen","","","","https://www.amazon.com/dp/B0C9QBRQB4"
"","","B07QB8NZJ1","DECOMOMO Storage Bins | Fabric Storage Baskets for Shelves for Organizing Closet Shelf Nursery Toy | Decorative Large Linen Closet Organizer Bins with Handles (Grey and White, Large - 3 Pack)","DECOMOMO","$25.99","2,867","28","$74,513","04/03/2019","$8.97","4.7","23,194","$17.02","33,404","7","FBA","2","Home & Kitchen","Oversize","11 x 9.5 x 15 in","2.88 lb","https://www.amazon.com/dp/B07QB8NZJ1"
"","","B0BZCWPPD6","StorageTastic Storage Bin,Collapsible Storage Basket For Organizing,Large Storage Boxes With Rope Handles,Storage Containers,Clothes Organizer,Gradient Grey,Pack of 3","StorageTastic","$17.99","1,710","40","$30,763","03/22/2023","$2.55","4.4","434","$15.44","23,199","7","FBA","3","Home & Kitchen","Oversize","10 x 9.5 x 15 in","1 lb","https://www.amazon.com/dp/B0BZCWPPD6"
"","","B00LM34YXS","Lynk Vela Shelf Dividers - Linen Closet Organizers and Storage - Linen Storage - Closet Organization - Towel Organizer for Closet (Set of 2) - Platinum","Lynk","$17.99","798","14","$14,356","10/08/2014","$9.50","4.2","5,721","$8.49","64,604","6","FBA","1","Home & Kitchen","Standard","8.661 x 14.173 x 2.362 in","1.014 lb","https://www.amazon.com/dp/B00LM34YXS"
"","","B0BZCBJ7RL","Volnamal Legging Organizer for Closet, Metal Yoga Pants Hangers 2 Pack w/10 Clips Holds 20 Leggings, Space Saving Hanging Closet Organizer w/Rubber Coated Closet Organizers and Storage, Black","Volnamal","$15.99","14,376","336","$229,872","03/22/2023","","4.3","887","","1,361","7","FBA","2","Home & Kitchen","","","","https://www.amazon.com/dp/B0BZCBJ7RL"
"","","B091F669MP","3Pack Foldable Storage Bins - Frame Storage Box Linen Fabric Stackable Clothes Container Organizer with Clear Window & Carry Handles Large Capacity (Small-22L, Light Grey)","CYhom","$29.99","631","12","$18,924","11/09/2021","$19.06","4.7","950","$10.93","78,361","7","FBA","1","Home & Kitchen","Standard","12 x 1.5 x 16 in","3.3 lb","https://www.amazon.com/dp/B091F669MP"
"","","B09QKL4WSS","2 Tier Clear Organizer with Dividers for Cabinet / Counter, MultiUse Slide-Out Storage Container - Kitchen, Pantry, Medicine Cabinet Storage Bins - Bathroom, Vanity Makeup, Under Sink Organizing Tray","LANDNEOO","$19.99","5,435","156","$108,646","01/16/2022","$9.66","4.5","4,436","$10.33","1,230","7","FBA","4","Kitchen & Dining","Standard","7.5 x 9.1 x 12.4 in","2.95 lb","https://www.amazon.com/dp/B09QKL4WSS"
"","","B0BDRCDPS8","StorageWorks Closet Storage Bins with Clear Window and 2 Handles, Foldable Clothing Bins for Shelves, Large Fabric Organizer, Beige, 3 Pack","StorageWorks","$25.99","1,790","50","$46,522","09/08/2022","","4.7","416","","17,928","6","FBA","1","Home & Kitchen","","","","https://www.amazon.com/dp/B0BDRCDPS8"
"","","B0BN1CW61P","StorageWorks Closet Storage Bins,Storage Baskets with Cutout Window and 2 Handles, Foldable Fabric Clothes Organizer, Large, Beige, 2-Pack","StorageWorks","$21.99","944","20","$20,759","11/20/2022","$5.57","4.9","17","$16.42","47,072","6","FBA","1","Home & Kitchen","Oversize","12.75 x 10.25 x 12.75 in","1.94 lb","https://www.amazon.com/dp/B0BN1CW61P"
"","","B06XFYGRX7","STORi Audrey Stackable Clear Bin Plastic Organizer Drawers | 2 Piece Set | Organize Cosmetics and Beauty Supplies on a Vanity | Made in USA","STORi","$23.99","7,613","171","$182,636","05/20/2015","$13.36","4.6","20,967","$10.63","3,111","6","FBA","3","Beauty & Personal Care","Standard","8.98 x 13.39 x 6.18 in","3.75 lb","https://www.amazon.com/dp/B06XFYGRX7"
"","","B01CZUJACQ","StorageWorks Large Storage Baskets for Organizing, Foldable Storage Baskets for Shelves, Fabric Storage Bins with Handles, Beige, White & Ivory, 3-Pack","StorageWorks","$25.99","5,654","127","$146,947","03/14/2016","$15.36","4.7","13,978","$10.63","5,803","6","AMZ","2","Home & Kitchen","Standard","11.06 x 15.59 x 2.72 in","4.539 lb","https://www.amazon.com/dp/B01CZUJACQ"
"","","B09TB8WFXC","HomeHacks Storage 3-Pack Clothes Organizer Storage Bags Foldable Storage Box with Large Clear Window Sturdy Handles for Closet, Dorm, Pillows, Bedding, Clothes, Stuffed Toys, Blankets, 35L, Grey","HomeHacks","$11.99","4,521","151","$54,207","04/09/2022","$4.40","4.4","1,185","$7.59","4,587","6","FBA","4","Home & Kitchen","Standard","9.84 x 9.92 x 3.82 in","0.86 lb","https://www.amazon.com/dp/B09TB8WFXC"
"","","B0CCJ3GRKV","Storage Baskets for Shelves Closet Bins - Large Fabric Rectangle Storage Bin Basket for Organizing Decorative Linen Closet Organization Foldable Clothes Organizer Shelf Cube Totes Containers Boxes","Sodynee","$20.99","96","4","$2,015","07/20/2023","$4.72","4.4","16","$16.27","219,623","7","FBA","2","Home & Kitchen","Oversize","11 x 9.5 x 15 in","1.94 lb","https://www.amazon.com/dp/B0CCJ3GRKV"
"","","B0BZYX9GTS","zjdbset 20 PiecesBed Sheet Organizer Bands Bed Sheet Keepers Closet Organization ElasticLinen Labels for Bed Sheet Sets(Queen,King,Full,Twin)","zjdbset","$17.99","2,323","70","$41,791","04/30/2023","","4.5","82","","12,175","6","FBA","1","Home & Kitchen","","","","https://www.amazon.com/dp/B0BZYX9GTS"
"","","B0C16JFJJN","SheetCube 4 Pack Bed Sheet Organizers and Storage, Foldable Bedding Storage Box Container with Window and Label, Linen Closet Organizer Folder for Blanket, Duvet Cover Set, Bed Sheet Set - Grey","SUOCO","$25.49","1,603","51","$40,860","06/05/2023","","4.2","573","","17,713","6","FBA","2","Home & Kitchen","","","","https://www.amazon.com/dp/B0C16JFJJN"
"","","B08BQBNXSQ","ClearSpace Plastic Storage Bins  Perfect Kitchen Organization or Pantry Storage  Fridge Organizer, Pantry Organization and Storage Bins, Cabinet Organizers","ClearSpace","$39.99","13,857","343","$554,141","06/22/2020","$25.46","4.8","10,454","$14.53","357","6","FBA","11","Kitchen & Dining","Standard","11.496 x 16.024 x 7.638 in","5.311 lb","https://www.amazon.com/dp/B08BQBNXSQ"
"","","B0CDLDW71R","Feverdes SheetCube Bed Sheet Set Organizer 4-Pack (Queen or King Size),Foldable Storage Box,Linen Closet Organizer for Bedding Sheets, Duvet Covers,Blankets and Pillow Cases (Grey)","Feverdes","$59.99","411","10","$24,656","08/02/2023","","4.4","50","","91,396","6","FBA","1","Home & Kitchen","","","","https://www.amazon.com/dp/B0CDLDW71R"
"","","B0CCJ8JF5G","Kigley 8 Pcs Linen Closet Organizers and Storage Foldable Clothing Bins Large Foldable Box with Window Storage Baskets for Closet Shelf Clothes Jeans Toys Organization, Beige","Kigley","$31.99","286","7","$9,149","07/20/2023","$20.16","4.5","4","$11.83","133,989","7","FBA","30","Home & Kitchen","Standard","10.91 x 4.41 x 15.79 in","5.04 lb","https://www.amazon.com/dp/B0CCJ8JF5G"
"","","B0BVLKDPT8","MINAYI 4 Pieces Sheet Keeper Closet Organization - Bed Sheets Set Storage Organizer -Linen Labels Sheet Organizer (Queen)","MINAYI","$9.99","583","11","$5,824","02/12/2023","$4.95","4.9","37","$5.04","83,072","6","FBA","2","Home & Kitchen","Standard","4.5 x 1.5 x 4.85 in","3.2 oz","https://www.amazon.com/dp/B0BVLKDPT8"
"","","B0C9QB47R2","SpaceAid 8 Pack Bed Sheet Organizers and Storage, Foldable Sheet Organizer for Linen Closet, Sheets Set Folder Keeper with Window XL (Queen & King Size) Organizing Bedding Container, Beige","SpaceAid","$62.98","1,278","35","$80,488","06/28/2023","","4.4","131","","26,606","6","FBA","2","Home & Kitchen","","","","https://www.amazon.com/dp/B0C9QB47R2"
"","","B0CJ96WLV2","8 Pack Linen Closet Organizers and Storage, Foldable Closet Storage Bins with Clear Window, Linen Closet Baskets for Closet Organization, Suitable for Organizing Clothing, Jeans, Shelves, Toys","Rainmae","$26.99","60","2","$1,619","09/17/2023","$18.27","5","1","$8.72","352,624","7","FBA","1","Home & Kitchen","Standard","5 x 1 x 10 in","9.6 oz","https://www.amazon.com/dp/B0CJ96WLV2"
"","","B0CFQCLLZY","Huolewa Closet Storage Bins, 6 Pack Trapezoid Storage Bins, Linen Closet Organizers and Storage, Foldable Closet Baskets for Shelves with Handles, Fabric Storage Boxes for Clothes, Toys, Dvds, Grey","Huolewa","$39.99","219","2","$8,758","12/05/2023","","4.7","26","","399,062","7","FBA","1","Home & Kitchen","","","","https://www.amazon.com/dp/B0CFQCLLZY"
"","","B0B1ZNVMR4","Recycled Wicker Storage Basket, Paper Rope Storage Baskets for Organizing Container Bins for Shelves Cupboards Drawer, Small Woven Basket Set of 4","PROLAND","$25.99","1,200","40","$31,188","05/22/2022","$15.66","4.5","286","$10.33","22,916","6","FBA","1","Home & Kitchen","Standard","7.76 x 4.84 x 11.81 in","1.8 lb","https://www.amazon.com/dp/B0B1ZNVMR4"
"","","B0C48X4H9B","MHHA 2 Pack Bathroom Cabinet Organizer, 2 Tier Clear Under Sink Organizers and Storage Medicine Cabinet Organizer with Dividers, Pull Out Kitchen Pantry Shelf Cupboard Closet Vanity Organization Bins","MHHA","$26.99","1,461","43","$39,432","07/12/2023","","4.5","743","","6,170","7","FBA","2","Kitchen & Dining","","","","https://www.amazon.com/dp/B0C48X4H9B"
"","","B0B3JJYJSS","DEKAVA Under Sink Organizer 2 Pack, Bathroom Cabinet Organizer, 2 Tier Sliding Cabinet Basket Organizer Drawer, Multi-Purpose Bath Collection Baskets for Bathroom (Black)","DEKAVA","$26.33","7,009","178","$184,547","06/07/2022","$7.28","4.6","2,672","$19.05","1,018","6","FBA","23","Kitchen & Dining","Oversize","8.7 x 13 x 15.4 in","4.3 lb","https://www.amazon.com/dp/B0B3JJYJSS"
"","","B08JG3HYC8","Lifewit 90L Large Storage Bags, 6 Pack Closet Organizers and Storage, Clothes Foldable Storage Bins with Reinforced Handles, Storage Containers for Clothing, Blanket, Comforters,Bedding, Gray","Lifewit","$20.69","8,578","296","$177,479","09/17/2020","$-32.98","4.5","75,245","$53.67","1,678","6","FBA","5","Home & Kitchen","Oversize","16.9 x 13.7 x 23.6 in","1.11 kg","https://www.amazon.com/dp/B08JG3HYC8"
"","","B0B6TK767D","REALINN Under Sink Organizer, Pull Out Cabinet Organizer 2 Tier Slide Out Sink Shelf Cabinet Storage Shelves, Under Sink Storage for Kitchen Bathroom Cabinet","REALINN","$34.99","42,706","1,212","$1.49M","07/17/2022","","4.4","3,115","","29","7","FBA","8","Kitchen & Dining","","","","https://www.amazon.com/dp/B0B6TK767D"
"","","B0C9Q61MDQ","SpaceAid 6 Pack Bed Sheet Organizers and Storage, Foldable Sheet Organizer for Linen Closet, Sheets Set Folder Keeper with Window XL (Queen & King Size) Organizing Bedding Container, Black","SpaceAid","$49.98","934","23","$46,681","06/28/2023","","4.6","136","","40,694","6","FBA","3","Home & Kitchen","","","","https://www.amazon.com/dp/B0C9Q61MDQ"
"","","B0BT74ZHXK","LINENMATE Queen/King Size (Ivory 2-Pack) - The Original 2-Pack Linen Storage Container with Sheet-Folding Assisted Panels | Bed Sheets | Duvet Covers | Pillowcases | Towels","LINENMATE","$64.97","886","19","$57,563","01/25/2023","$46.39","4.5","176","$18.58","49,237","6","FBA","6","Home & Kitchen","Standard","12 x 4 x 15 in","2.74 kg","https://www.amazon.com/dp/B0BT74ZHXK"
"","","B0BLP3FQ2P","NaturalCozy Storage Cubes 11 Inch Cotton Rope Woven Baskets for Organizing 3-Pack | Cube Storage Bin, Square Storage Baskets for Shelves Organizer, Classroom Kids Toy Bins, Closet, Baby Nursery","NaturalCozy","$35.99","2,062","85","$74,211","11/06/2022","$21.65","4.7","296","$14.34","1,600","7","FBA","1","Baby","Oversize","11 x 11 x 11 in","7.5 oz","https://www.amazon.com/dp/B0BLP3FQ2P"
"","","B0CG8L3N2T","4 Pcs Shelf Baskets Linen Organization Bins, Folding Fabric Storage Basket Bin, Closet Organizers and Storage, Foldable Organizer Boxes Containers for Organizing Wardrobe, Shelves, Bedroom","Fordonral","$25.99","283","6","$7,355","04/19/2023","$14.16","4.5","7","$11.83","150,034","7","FBA","1","Home & Kitchen","Standard","10 x 7.9 x 15 in","3.86 lb","https://www.amazon.com/dp/B0CG8L3N2T"
"","","B09X1MGKRZ","Homsorout Fabric Storage Bins with Lids, 3 Packs Storage Cubes with Window, Fabric Storage Baskets Bins for shelves, Closet Storage Boxes for Towels, Clothes, Home, Office, Blended","Homsorout","$25.99","1,861","51","$48,367","03/31/2022","$15.66","4.6","742","$10.33","17,619","7","FBA","1","Home & Kitchen","Standard","9.92 x 14.61 x 2.68 in","3.841 lb","https://www.amazon.com/dp/B09X1MGKRZ"
"","","B0C58V1N6Q","4 Pack Linen Clothes Storage Bins, 22L Sturdy Closet Organizers and Storage Bins with Metal Frame, 2 Opening Ways Fabric Visible Lidded Storage Box for Organizing Clothing,Jeans,Books,Closet,Wardrobe","Fordonral","$29.99","426","9","$12,776","04/29/2023","","4.5","57","","104,675","7","FBA","1","Home & Kitchen","","","","https://www.amazon.com/dp/B0C58V1N6Q"
"","","B08R7T5XXP","GRANNY SAYS Closet Storage Bins, Jumbo Closet Organizers and Storage, Fabric Storage Bin for Closet Organization, Clothing Storage Baskets for Organizing Linen Toy, White with Black Stripes, 3-Pack","GRANNY SAYS","$23.99","1,695","44","$40,663","12/22/2020","$6.51","4.7","8,407","$17.48","20,829","6","FBA","1","Home & Kitchen","Oversize","11.81 x 10.43 x 15.35 in","3.85 lb","https://www.amazon.com/dp/B08R7T5XXP"
"","","B09VGBVHYH","Homsorout Closet Storage Bins, Trapezoid Storage Baskets with Handle, Closet Organizer Bins for Closet Organization, Storage Baskets for Organizing Shelves , Clothes, Books, Toys, 3 Packs, Blended","homsorout","$23.99","80","2","$1,919","03/13/2022","","4.6","238","","333,686","6","FBA","2","Home & Kitchen","","","","https://www.amazon.com/dp/B09VGBVHYH"