"Export time:  2/14/2024, 2:17:22 PM","","ASIN","Product Name","Brand","Price","Monthly Units Sold","Daily Units Sold","Monthly Revenue","Date First Available","Net Revenue","Star Rating","Reviews","Amazon Fees","BSR","LQS","Seller Type","Sellers","Category","Product Tier","Dimensions","Weight","Link"
"","","B002VWJZ8S","Drive Medical 13067 Adjustable Non Tilt Top Overbed Table With Wheels for Hospital and Home Use, Standing Desk, Walnut","Drive Medical","$54.61","4,683","143","$255,739","06/22/2006","$28.74","4.4","17,195","$25.87","620","6","AMZ","19","Industrial & Scientific","Oversize","23.8 x 32.5 x 3 in","23.1 lb","https://www.amazon.com/dp/B002VWJZ8S"
"adjustable side table","","B0CGL3FNMX","ZUJJAFY C-Shaped End Table, Small Side Table for Small Spaces, Portable Coffee Table Tray for Couch, Sofa Table with Adjustable Height for Living Room, Bedroom, Bedside and Bathtub","ZUJJAFY","$35.99","210","7","$7,558","03/31/2023","","3.8","25","","118,947","7","FBA","1","Home & Kitchen","","","","https://www.amazon.com/dp/B0CGL3FNMX"
"Average Monthly Sales: 1,087","","B09XGNQ3Y1","SANODESK Medical Adjustable Overbed Bedside Table with Hidden Casters, Pneumatic Mobile Laptop Computer Standing Desk Cart with Tray, Hospital and Home Use(27.6' W x 15.7' D, White)","SANODESK","$99.98","1,021","32","$102,080","04/07/2022","","4.6","364","","4,255","6","FBA","3","Industrial & Scientific","","","","https://www.amazon.com/dp/B09XGNQ3Y1"
"Average Revenue: $56,610","","B01FSGZ6A4","Able Life Universal Swivel TV Tray Table, Portable Laptop Desk, Adjustable Couch Desk for Computers,Brown","Able Life Comfortably Independent","$125.00","879","32","$109,875","05/19/2016","$59.64","4.4","2,911","$65.36","29,190","6","AMZ","1","Home & Kitchen","Oversize","18 x 24 x 25 in","20 lb","https://www.amazon.com/dp/B01FSGZ6A4"
"Average Price: $70.89","","B00QMNTMXA","Vaunn Adjustable Overbed Bedside Table With Wheels (Hospital and Home Use), Walnut Brown","Vaunn","$69.99","7,755","247","$542,772","12/04/2014","$-56.27","4.6","23,953","$126.26","3,673","6","FBA","3","Health & Household","Oversize","15 x 40.5 x 30 in","20.6 lb","https://www.amazon.com/dp/B00QMNTMXA"
"Average No. of Ratings: 2,173","","B09ZTL1BNK","wishacc Book Stand with Clamp, Aluminum Alloy and Bamboo Material Build, Table Side Design, Height Adjustable, Desktop Reading Mount Holder with Sturdy Page Clips (11 x 8.1 Inches)","wishacc","$47.99","235","8","$11,278","05/08/2022","$33.16","4.4","199","$14.83","27,477","6","FBA","1","Office Products","Standard","8.1 x 4.92 x 11 in","7.28 lb","https://www.amazon.com/dp/B09ZTL1BNK"
"Average Sales Rank: 143,815","","B0CLQZXLQB","FAGIGY C Shaped Adjustable Height Tables, C Table End Table for Couch, Couch Tables That Slide Under, Rolling Sofa Side Table with Storage, Snack Table for Living Room, Bedroom, Brown","FAGIGY","$39.99","390","13","$15,596","12/20/2023","","4.3","14","","68,640","","FBA","1","Home & Kitchen","","","","https://www.amazon.com/dp/B0CLQZXLQB"
"Average Rating Number: 4.3","","B07DRGZMHQ","Adjustable TV Tray Table - TV Dinner Tray on Bed & Sofa, Comfortable Folding Table with 6 Height & 3 Tilt Angle Adjustments (Black)","HUANUO","$45.99","6,035","201","$277,550","06/14/2018","$27.49","4.3","21,605","$18.50","3,047","6","FBA","40","Home & Kitchen","Oversize","17.2 x 21 x 3 in","7.65 lb","https://www.amazon.com/dp/B07DRGZMHQ"
"","","B0CCR9QZK1","WHEARTED Adjustable C Shaped End Table - C Table Side Table forCouch and Sofa, Small Coffee Table with Metal Frame inLiving Room, Bedroom, Bedside Rustic Brown","WHEARTED","$40.96","90","2","$3,686","07/24/2023","","3.8","5","","312,397","7","FBA","1","Home & Kitchen","","","","https://www.amazon.com/dp/B0CCR9QZK1"
"","","B0CH886G95","LINGMI Adjustable Laptop Desk with Mouse Pad, Small Side Table for Couch,Rolling Computer Stand(Natural Color)","Generic","$47.99","90","3","$4,319","09/03/2023","","4.6","7","","141,868","6","FBA","1","Health & Household","","","","https://www.amazon.com/dp/B0CH886G95"
"","","B07L9XWK16","TigerDad Over Bed Table with Wheels Adjustable | Rolling Laptop Table Overbed Desk Hospital Tray Table Sofa Chair Side Table (Black)","TigerDad","$59.99","271","10","$16,257","12/11/2018","$35.21","3.9","1,696","$24.78","14,294","6","FBA","1","Industrial & Scientific","Oversize","20.3 x 29.8 x 4.1 in","18.55 lb","https://www.amazon.com/dp/B07L9XWK16"
"","","B0CJR3PDZG","BTY C Shaped Side Table Adjustable Height End Table for Small Spaces C Table with Wheels Couch Table with Storage Laptop Side Table for Sofa Living Room Bedroom (Grey)","BTY","$39.99","480","16","$19,195","12/23/2023","","3.6","11","","57,751","","FBA","1","Home & Kitchen","","","","https://www.amazon.com/dp/B0CJR3PDZG"
"","","B0C45T84ZF","COZYMATIC Amarian C-Shaped Side Table, Wood Sofa Table with Adjustable Height and Rotatable Table Top, Laptop Work Desk for Living Room, Bedroom, Study and Small Space, Walnut","COZYMATIC","$269.90","30","1","$8,097","05/14/2023","","4","6","","475,005","7","FBA","1","Home & Kitchen","","","","https://www.amazon.com/dp/B0C45T84ZF"
"","","B0CCKWPGQC","Forevich Bamboo Bathtub Tray Table Bath Side Table with Metal Base Adjustable Height, Portable Freestanding Caddy Tray Tub Shelf for Luxury Bath Home Spa Grey Table and Grey Base","Forevich","$39.99","386","6","$15,436","07/21/2023","","4.2","38","","144,582","7","FBA","1","Home & Kitchen","","","","https://www.amazon.com/dp/B0CCKWPGQC"
"","","B0BF8KH62F","COZYMATIC Carlisha C-Shaped End Table Sofa Table Coffee Table Solid Wood Frame for Living Room Side Table for Bedroom, Walnut Brown","COZYMATIC","$216.69","60","2","$13,001","03/12/2023","","4.3","29","","350,102","6","FBA","1","Home & Kitchen","","","","https://www.amazon.com/dp/B0BF8KH62F"
"","","B0CHFV4DX9","TigerDad Pneumatic Adjustable Overbed Table with Gas Spring Riser | Medical Adjustable Bed Side Table with Wheels | Portable Standing Desk for Laptop Computer","TigerDad","$98.99","125","5","$12,374","09/05/2023","","4.6","15","","31,931","7","FBA","1","Industrial & Scientific","","","","https://www.amazon.com/dp/B0CHFV4DX9"
"","","B0C6LNJNQF","YUHFERA Sofa Tray Table for Couch Arm - Side Table Tray for Small Spaces, Bamboo Height Adjustable Table for Bed or Chair with Phone & Tablet Slots, TV Tray Table for Living Room, Bedroom","YUHFERA","$33.99","834","42","$28,348","05/28/2023","","4.3","107","","21,956","7","FBA","1","Home & Kitchen","","","","https://www.amazon.com/dp/B0C6LNJNQF"
"","","B0CPB98WLL","MIAJO Adjustable Side Table, Swivel TV Tray Table & 360 Rotating Phone Holder, Couch Arm Tray Tables, Small Side Tables Living Room, C Shaped End Table Couch Tables That Slide Under (Natural)","MIAJO","$45.99","387","13","$17,798","10/02/2023","","3.8","57","","71,470","7","FBA","1","Home & Kitchen","","","","https://www.amazon.com/dp/B0CPB98WLL"
"","","B0CCR6FMR1","WHEARTED Adjustable C Shaped End Table - C Table Side Table forCouch and Sofa, Small Coffee Table with Metal Frame inLiving Room, Bedroom, Bedside Rustic Gray","WHEARTED","$40.66","90","2","$3,659","07/24/2023","","3.8","10","","398,754","7","FBA","1","Home & Kitchen","","","","https://www.amazon.com/dp/B0CCR6FMR1"
"","","B07GYXKPSN","D&D Living Couch Tray 20x14 inch - Large Sofa Armrest Tray Table for Straight Chair Arm - Flexible | Sustainable | Non-Slip (Natural, Bamboo)","D&D Living","$29.95","866","19","$25,937","06/30/2021","","4.4","1,621","","14,583","7","FBA","1","Kitchen & Dining","","","","https://www.amazon.com/dp/B07GYXKPSN"
"","","B0CB6B7464","Labcosi Modern Farmhouse Side Table, Narrow End Table with Charging Station, Large Flip Top End Table with Storage Shelf, Rustic Oak Color","Lab Cosi","$79.99","270","9","$21,597","","","4.4","193","","98,975","","FBA","","Home & Kitchen","","","","https://www.amazon.com/dp/B0CB6B7464"
"","","B0BXD7MWSJ","Medical Adjustable Overbed Bedside Table with Wheels Serve Meals, Use Laptop/Computer, Writing Over Bed Table Great for Elderly, Hospital Patients, Home Care (Walnut Color)","Generic","$188.00","51","1","$9,588","03/02/2023","","5","5","","82,059","7","FBA","1","Industrial & Scientific","","","","https://www.amazon.com/dp/B0BXD7MWSJ"
"","","B095P3VYHD","TigerDad Adjustable Height C Table Sofa Side Bedside Table with Wheels, Hospital Bed Table Rolling Tray with Storage, Mobile Computer Desk Laptop Table for Home Use","TigerDad","$49.99","463","16","$23,145","09/12/2021","$27.47","4.3","169","$22.52","9,207","6","FBA","1","Industrial & Scientific","Oversize","21.2 x 25.8 x 2.5 in","16.2 lb","https://www.amazon.com/dp/B095P3VYHD"
"","","B0CB88NJDN","Yumkfoi Couch Side Table with Adjustable Heights, Bamboo Sofa Tray Table with Storage Pocket, Liftable Couch Arm Tray Table C Table End Table TV Tray Snack Table for Living Room, Bedroom","Yumkfoi","$39.99","216","6","$8,638","08/09/2023","","4.1","63","","142,133","7","FBA","1","Home & Kitchen","","","","https://www.amazon.com/dp/B0CB88NJDN"
"","","B088DB5V13","LORYERGO TV Tray - TV Table, Folding Table Trays, w/6 Height & 3 Tilt Angle, w/Cup Holder, Dinner Tray for Eating on Couch, Laptop, Bed & Couch","LORYERGO","$36.89","2,053","90","$75,735","07/30/2020","$19.76","4.4","6,557","$17.13","9,007","6","FBA","10","Home & Kitchen","Oversize","17.3 x 21.1 x 2.9 in","7.749 lb","https://www.amazon.com/dp/B088DB5V13"
"","","B0B8HXGW9F","Hadulcet C Shaped Side Table Adjustable, Height Adjustable C Table with Wheels and Storage Shelves for Couch Bed Recliner Rustic Brown","Hadulcet","$89.99","354","13","$31,856","08/02/2022","","4.3","1,027","","73,184","6","FBA","2","Home & Kitchen","","","","https://www.amazon.com/dp/B0B8HXGW9F"
"","","B0BDDM6H2J","ALPOME Wooden top C Shaped Side Table Sofa end Table 2 Layer Movable Wheels","ALPOME","$65.50","","","","","","4.3","6","","999,977","","FBA","","Home & Kitchen","","","","https://www.amazon.com/dp/B0BDDM6H2J"
"","","B0BZDKKT5W","LITTLE TREE Height Adjustable C Side Table for Bedside Sofa Couch Laptop","LITTLE TREE","$109.99","","","$0.00","03/22/2023","","4.3","7","","728,291","6","AMZ","1","Home & Kitchen","","","","https://www.amazon.com/dp/B0BZDKKT5W"
"","","B0C2YM1NXM","Yumkfoi Bamboo Bathtub Tray Table with Adjustable Height, Freestanding Bath Caddy Tray Side Table for Tub Against Wall, Tub Shelf Bathroom Accessories for House Warming Gift - Patent Protected (White)","Yumkfoi","$31.99","1,160","53","$37,108","04/30/2023","","4.1","248","","16,921","7","FBA","1","Home & Kitchen","","","","https://www.amazon.com/dp/B0C2YM1NXM"
"","","B0C2CK1DCZ","NATFAIRY C Shaped End Table with Rolling Wheels, Height Adjustable Sofa Side Table for Small Space Bedroom, Industrial TV Tray Couch Table Cart for Living Room, Retro Brown & Black","NATFAIRY","$45.00","153","4","$6,885","04/12/2023","","4.8","14","","202,566","6","FBA","1","Home & Kitchen","","","","https://www.amazon.com/dp/B0C2CK1DCZ"
"","","B0CCKY7RH9","Forevich Bamboo Bathtub Tray Table Bath Side Table with Metal Base Adjustable Height, Portable Freestanding Caddy Tray Tub Shelf for Luxury Bath Home Spa Chestnut Brown Table and Black Base","Forevich","$41.99","180","6","$7,558","07/21/2023","","4.2","38","","144,582","7","FBA","1","Home & Kitchen","","","","https://www.amazon.com/dp/B0CCKY7RH9"
"","","B09L4NDT1L","Viozon Small Side Table,Laptop Floor Stand,22.4'~37.4' Height Adjustable,Sofa Table Round,Diameter 15',Hallway,Sofa Bed Side,Dinning","Viozon","$69.99","60","2","$4,199","03/03/2022","$43.73","4.3","17","$26.26","392,976","6","FBA","1","Home & Kitchen","Oversize","20 x 20.5 x 5 in","14.2 lb","https://www.amazon.com/dp/B09L4NDT1L"
"","","B099Z7596K","Home Zone Living Overbed C Table, Adjustable Height with Wheels, Brown","Home Zone Living","$49.99","90","3","$4,499","07/19/2021","$28.61","4","136","$21.38","139,001","6","AMZ","6","Health & Household","Oversize","16.14 x 2.95 x 25.59 in","13.55 lb","https://www.amazon.com/dp/B099Z7596K"
"","","B081DY2FM7","Rolling Laptop Desk for Rolling Cart Tilting Overbed Bedside Table Desk Overbed Table with Wheels Adjustable Laptop Stand Sofa Side Table","TigerDad","$49.99","241","7","$12,048","11/12/2019","$32.73","4.2","1,118","$17.26","31,309","7","FBA","4","Office Products","Oversize","19.6 x 25.8 x 2.75 in","14.05 lb","https://www.amazon.com/dp/B081DY2FM7"
"","","B00DE613WQ","Carex Hospital Bed Table and Overbed Table - Laptop Table for Recliner, Bed, and Sofa - Computer Table for Bed and Hospital Bedside Table, Hospital Tray Table Adjustable with Wheels.","Roscoe Medical","$59.10","1,739","70","$102,775","07/30/2013","$34.71","4.3","1,981","$24.39","1,667","7","AMZ","8","Industrial & Scientific","Oversize","17.62 x 32.37 x 2.87 in","22.45 lb","https://www.amazon.com/dp/B00DE613WQ"
"","","B0026IBSUA","Able Life Able Tray Table, Adjustable Bamboo Swivel TV and Laptop Table with Ergonomic Stand Assist Safety Handle, Independent Living Aid","Able Life Comfortably Independent","$153.17","793","26","$121,464","10/31/2000","$78.74","4.5","2,983","$74.43","28,122","6","AMZ","28","Health & Household","Oversize","18 x 34 x 20 in","15 lb","https://www.amazon.com/dp/B0026IBSUA"
"","","B0C6F8VJT6","Shinoske Adjustable C Table - C Shaped Side Table with Wheels for Living Room and Bedroom,with Storage Mesh Basket,Slide Under Sofa Table or Use as Laptop Table,C Table End Table,Grey","Shinoske","$37.99","359","9","$13,638","07/25/2023","","4","40","","95,412","7","FBA","1","Home & Kitchen","","","","https://www.amazon.com/dp/B0C6F8VJT6"
"","","B0097GMHXG","Seville Classics WEB162 Mobile Laptop Computer Desk Cart Height-Adjustable from 20.5' to 33', Slim, Walnut","Seville Classics","$47.99","918","33","$44,055","09/06/2012","$25.39","4.5","19,724","$22.60","7,399","7","AMZ","7","Office Products","Oversize","17.36 x 26.69 x 4.02 in","17.481 lb","https://www.amazon.com/dp/B0097GMHXG"
"","","B0BV6KN8Q8","QEEIG Narrow C Shaped Side Table Set of 2 Living Room Sets Slim Couch Tables Skunny Thin Small Farmhouse 7 inch Width, Rustic Brown","QEEIG","$49.82","2,906","84","$144,777","06/02/2023","","4.4","384","","9,880","6","FBA","1","Home & Kitchen","","","","https://www.amazon.com/dp/B0BV6KN8Q8"
"","","B08W2GGGRS","Tribesigns Height Adjustable C Table with Wheels, Mobile Couch Snack Side Table with Tiltable Drawing Board, Sofa Bedside Laptop Stand C Shaped TV Tray with Storage Shelves (Brown)","Tribesigns","$109.98","600","20","$65,988","02/04/2021","$73.90","4.3","1,094","$36.08","47,591","7","FBA","1","Home & Kitchen","Oversize","17.7 x 4 x 33.5 in","28.5 lb","https://www.amazon.com/dp/B08W2GGGRS"
"","","B09W48XMKJ","ORGXpert C Shaped End Table with USB Ports and Outlets, Narrow Side Table with Ergonomic Height Adjustable Laptop Stand,Side Table with Charging Stati","ORGXpert","$79.98","75","2","$5,999","06/10/2022","$54.10","4.5","78","$25.88","323,663","7","FBA","2","Home & Kitchen","Oversize","13.5 x 25.5 x 3.9 in","13.1 lb","https://www.amazon.com/dp/B09W48XMKJ"
"","","B0C7M4R4KZ","TigerDad Overbed Bedside Desk Mobile Rolling Laptop Stand Tilting Overbed Table with Wheels Height Adjustable Tray Table for Laptop Bed Sofa Side Table, Brown","TigerDad","$49.99","300","10","$14,997","06/09/2023","","3.9","43","","57,747","6","FBA","1","Health & Household","","","","https://www.amazon.com/dp/B0C7M4R4KZ"
"","","B0CQ1KFWB7","Small Narrow Side Tables for Small Spaces, Oppro Narrow Skinny Bedside Table Nightstand with Drawers&Wheels, Slim Table Stand Magazine Rack with Storage Bag for Sofa Living Room Couch Bedroom (Rustic)","Oppro","$43.99","210","7","$9,238","01/18/2024","","3.5","4","","134,436","7","FBA","1","Home & Kitchen","","","","https://www.amazon.com/dp/B0CQ1KFWB7"
"","","B0CP4NH8WR","Aerkenga 19.7 inch Laptop Computer Stand Mini Size Small Side Table, Height Adjustable Desk Rolling Desk with Wheels Bedside Table Overbed Table for Reading Eating Working","Aerkenga","$39.99","40","2","$1,600","11/28/2023","","","","","97,262","7","FBA","1","Office Products","","","","https://www.amazon.com/dp/B0CP4NH8WR"
"","","B09T6KYSCX","DECOSIS Projector Stand Tripod From 23.5' to 46.5', Laptop Tripod Stand Height Adjustable with Gooseneck Phone Holder, Laptop Floor Stand for Office, Home, Stage, Studio, DJ Racks Holder Mount","DECOSIS","$29.99","7,391","246","$221,656","02/22/2022","$18.16","4.4","2,176","$11.83","32","7","FBA","3","Musical Instruments","Standard","12.09 x 17.28 x 4.17 in","6.08 lb","https://www.amazon.com/dp/B09T6KYSCX"
"","","B0BZ3LRG87","HITACTS Overbed Table Height Adjustable Pneumatic Hospital Bed Table with Lockable Wheels Rolling Bedside Table Standing Desk Bed Table for Home Office Height 29'-44'","HITACTS","$129.99","146","6","$18,979","03/20/2023","","4.2","109","","25,199","7","FBA","1","Industrial & Scientific","","","","https://www.amazon.com/dp/B0BZ3LRG87"
"","","B08N17MP19","MODERNSOLID Height Adjustable Sofa Side End Table, Folding Laptop Desk Computer Table C-Shaped Overbed Table Snack Table for Couch, Coffee, Living Room, Bedroom, Small Space - Bronze","MODERNSOLID","$215.99","80","3","$17,279","11/08/2020","","4.2","69","","273,602","6","FBA","1","Home & Kitchen","","","","https://www.amazon.com/dp/B08N17MP19"
"","","B0CK2J1RLR","melos C Shaped End Table, Snack Side Table, C Tables for Couch, Couch Tables That Slide Under, Small TV Tray Table for Living Room, Bedroom, Gray","melos","$29.99","388","9","$11,636","12/29/2023","","5","3","","100,835","6","FBA","1","Home & Kitchen","","","","https://www.amazon.com/dp/B0CK2J1RLR"
"","","B0C7R2T6YX","VASAGLE End Table, C Shaped TV Tray with Metal Frame Rolling Casters for Coffee Laptop Mobile Tablet, Industrial Side Table for Living Room Bedroom, 19.7 x 13.8 x 23.6 Inches, Cream White ULNT050W77","VASAGLE","$39.99","2,138","48","$85,499","09/14/2023","","4.5","6,551","","18,864","6","AMZ","8","Home & Kitchen","","","","https://www.amazon.com/dp/B0C7R2T6YX"
"","","B09X395CNV","HOOBRO End Table with Charging Station and USB Ports, 3-Tier Nightstand with Adjustable Shelf, Narrow Side Table for Small Space in Living Room, Bedroom and Balcony, Rustic Brown BF112BZ01","HOOBRO","$39.99","2,272","54","$90,857","04/01/2022","","4.4","1,542","","16,441","7","FBA","12","Home & Kitchen","","","","https://www.amazon.com/dp/B09X395CNV"
"","","B0CL4VZ8D5","Raathionty Adjustable Home Office Desk Portable Study Computer Rolling Desk for Small Spaces Movable Sofa Side Table on Wheels Student Small Laptop Desk with Storage White Size 31x16 Inch","Raathionty","$59.99","118","3","$7,079","12/07/2023","","4.2","13","","255,122","6","FBA","1","Home & Kitchen","","","","https://www.amazon.com/dp/B0CL4VZ8D5"
"","","B0CCV5CYJM","DlandHome Mobile Bed Table 31.5 Inch, Adjustable Side Table Laptop Computer Stand Desks with Tablet Slot Cart Tray Wheels,Black2","DlandHome","$59.99","1,064","22","$63,829","07/25/2023","","4.2","1,455","","752","6","FBA","1","Computers & Accessories","","","","https://www.amazon.com/dp/B0CCV5CYJM"
"","","B0BZ13NJC1","Height Adjustable C Shaped End Table with Charging Station, Mobile Laptop Side Table with USB Port and Wheels, Sofa Couch Table with 2-Tier Storage Shelve for Living Room Bedroom, Rustic Brown","armocity","$109.99","356","16","$39,156","06/04/2023","","4.4","238","","57,237","7","FBA","4","Home & Kitchen","","","","https://www.amazon.com/dp/B0BZ13NJC1"
"","","B0CKNBDRC1","yamagahome Sofa Tray Table with 24-31' Adjustable Height, Small Couch Side Table with Storage Bag, Freestanding C Shaped Table Couch Arm Tray End Table for Living Room, Bedroom, Bedside, Bathroom","yamagahome","$39.99","30","1","$1,200","10/06/2023","","4","10","","507,166","7","FBA","1","Home & Kitchen","","","","https://www.amazon.com/dp/B0CKNBDRC1"
"","","B08VDQN8H5","VASAGLE C-Shaped End Table, Small Side Table for Couch, Sofa Table with Metal Frame for Living Room, Bedroom, Bedside, Rustic Brown and Black","VASAGLE","$33.99","5,658","130","$192,315","06/22/2021","$20.66","4.7","3,235","$13.33","5,621","6","FBA","1","Home & Kitchen","Standard","12.992 x 17.284 x 3.15 in","9.248 lb","https://www.amazon.com/dp/B08VDQN8H5"
"","","B0B599WSWD","Maarch Folding TV Tray Table, Adjustable TV Dinner Table, Foldable Tray Table for Eating and Laptops, Wall Mountable, Light Blue","Maarch","$54.99","900","30","$49,491","11/09/2022","","4.4","476","","30,723","","FBA","","Home & Kitchen","","","","https://www.amazon.com/dp/B0B599WSWD"
"","","B09NBCDR38","MYOYAY Side Table Adjustable Height C Table End Table for Couch on Wheels and Storage Shelves Sofa Table with Metal Frame for Living Room, Bedroom","MYOYAY","$89.99","","","$0.00","12/08/2021","$59.19","3.4","29","$30.80","741,940","6","FBA","1","Home & Kitchen","Oversize","22.7 x 31.4 x 4.3 in","20.201 lb","https://www.amazon.com/dp/B09NBCDR38"