"Export time:  2/14/2024, 2:16:10 PM","","ASIN","Product Name","Brand","Price","Monthly Units Sold","Daily Units Sold","Monthly Revenue","Date First Available","Net Revenue","Star Rating","Reviews","Amazon Fees","BSR","LQS","Seller Type","Sellers","Category","Product Tier","Dimensions","Weight","Link"
"","","B07V1PXKPP","Simple Houseware Stackable 3 Tier Sliding Basket Organizer Drawer, White","Simple Houseware","$33.87","2,247","77","$76,106","07/08/2019","$20.26","4.7","18,218","$13.61","3,150","5","FBA","4","Kitchen & Dining","Standard","11 x 17.4 x 7.5 in","6.301 lb","https://www.amazon.com/dp/B07V1PXKPP"
"stackable storage drawers","","B07C8LFBRB","IRIS USA 6 Qt. Small Plastic Stacking Drawer, 4-Pack, Stackable Storage Organizer Unit with Sliding Drawer for Bedroom Kitchen Under Sink Pantry Craft Room Dorm Office, White","IRIS","$29.99","4,758","141","$142,692","03/20/2018","$9.33","4.5","7,609","$20.66","5,045","7","AMZ","7","Home & Kitchen","Oversize","13.81 x 11.25 x 17.81 in","5.2 lb","https://www.amazon.com/dp/B07C8LFBRB"
"Average Monthly Sales: 3,265","","B07H7TSJF2","Simple Houseware Stackable 3 Tier Sliding Basket Organizer Drawer, Chrome","Simple Houseware","$32.87","3,586","115","$117,872","09/08/2018","$19.71","4.6","15,677","$13.16","1,872","5","FBA","1","Kitchen & Dining","Standard","11.57 x 17.56 x 6.77 in","6.061 lb","https://www.amazon.com/dp/B07H7TSJF2"
"Average Revenue: $149,748","","B0B5LTWRJW","Sorbus Clear Stackable Fridge Drawer Bins - Pull Out Refrigerator Organizer Containers for Kitchen Storage (2 Pack | Medium)","Sorbus","$34.99","2,756","61","$96,432","06/30/2022","$22.71","4.6","925","$12.28","4,197","6","FBA","10","Kitchen & Dining","Standard","8 x 4.5 x 13.25 in","5.51 lb","https://www.amazon.com/dp/B0B5LTWRJW"
"Average Price: $47.57","","B0CHR6MKBM","SNSLXH 19QT Upgrade 4 Pack Stackable Storage Bins with 2 lids, Closet Organizers and Storage, Foldable Plastic Drawer Storage for Clothes, Toys, Clear with Black (Plastic)","SNSLXH","$29.99","1,866","64","$55,961","09/10/2023","$17.26","4.2","204","$12.73","13,667","6","FBA","6","Home & Kitchen","Standard","10 x 7.9 x 16 in","7.98 lb","https://www.amazon.com/dp/B0CHR6MKBM"
"Average No. of Ratings: 2,881","","B0CGZ9ZK4Z","4 Tier Collapsible Storage Bins with Wheels and Lids - 23QT Stackable Closet Organizers, Foldable Plastic Containers for Home, Office, Dorm Room","Wise Oannes","$49.99","6,268","198","$313,337","08/30/2023","$33.96","4.4","216","$16.03","3,115","7","FBA","5","Home & Kitchen","Standard","11.34 x 7.8 x 17.24 in","7.8 lb","https://www.amazon.com/dp/B0CGZ9ZK4Z"
"Average Sales Rank: 30,699","","B0BZCTXKPZ","Vtopmart 4 Pack Large Stackable Storage Drawers,Clear Acrylic Drawer Organizers with Handles, Easily Assemble for Bathroom,Kitchen Undersink,Cabinet,Closet,Makeup,Pantry organization and Storage","Vtopmart","$34.99","14,690","369","$514,003","03/22/2023","$21.51","4.7","369","$13.48","1,159","6","FBA","6","Home & Kitchen","Standard","7.5 x 7 x 12 in","9.79 lb","https://www.amazon.com/dp/B0BZCTXKPZ"
"Average Rating Number: 4.4","","B01LZUM4D4","Simple Houseware Chrome Metal Stackable Storage Rack, 16.75 in L x 10.8 in W x 10.25 in H","Simple Houseware","$28.87","598","17","$17,264","04/12/2017","$5.34","4.6","4,886","$23.53","16,363","5","FBA","1","Kitchen & Dining","Oversize","14.72 x 19.25 x 13.43 in","4.76 lb","https://www.amazon.com/dp/B01LZUM4D4"
"","","B09NQV4V27","Simple Houseware 2 Tier Bathroom Organizer Tray Pull-Out Sliding Drawer/Under-Sink Storage, White","Simple Houseware","$19.97","10,194","278","$203,574","12/16/2021","$9.94","4.5","3,745","$10.03","507","6","FBA","1","Kitchen & Dining","Standard","8.9 x 14.48 x 5.47 in","2.251 lb","https://www.amazon.com/dp/B09NQV4V27"
"","","B09MSQ5C1F","IRIS USA 30 Qt. Stackable Storage Drawer, 2 Pack, Plastic Drawer Organizer with Clear Doors for Pantry, Bedroom, Closet, Kitchen, Under-Sink, Home and Office De-Clutter, Shoes and Crafts - White","IRIS","$54.99","4,743","141","$260,818","11/29/2021","$21.84","4.5","7,609","$33.15","5,045","7","AMZ","9","Home & Kitchen","Oversize","19 x 19.6 x 16 in","7.401 lb","https://www.amazon.com/dp/B09MSQ5C1F"
"","","B09ZKYQMVD","Vtopmart 4 Pack Clear Stackable Storage Drawers, 4.4'' Tall Acrylic Bathroom Makeup Organizer,Plastic Storage Bins For Vanity, Undersink, Kitchen Cabinets, Pantry, Home Organization and Storage","Vtopmart","$24.99","24,070","615","$601,509","05/04/2022","$14.21","4.6","7,501","$10.78","545","7","FBA","2","Beauty & Personal Care","Standard","8.94 x 12.2 x 7.44 in","5.091 lb","https://www.amazon.com/dp/B09ZKYQMVD"
"","","B0CL9NDKLQ","AHEONLAR 4 Tier Plastic Storage Bins with Drawers - Foldable Stackable Storage Bins with Lids - Closet Craft Organizers and Storage - 24QT Plastic Drawer Storage for Bedroom Study Toy Room Office","AHEONLAR","$33.99","3,528","110","$119,917","10/17/2023","$16.15","4","155","$17.84","7,027","7","FBA","1","Home & Kitchen","Oversize","11.2 x 8.7 x 15.6 in","7.61 lb","https://www.amazon.com/dp/B0CL9NDKLQ"
"","","B0C15X3S86","Simple Houseware Plastic Stackable Storage Basket Pantry Organizer, 6 Pack, White","Simple Houseware","$21.87","300","14","$6,561","03/30/2023","$12.16","4.5","58","$9.71","20,221","5","FBA","1","Kitchen & Dining","Standard","8.3 x 3.5 x 14.25 in","3.84 lb","https://www.amazon.com/dp/B0C15X3S86"
"","","B0CGD1W4P6","HOMIDEC Closet Organizers and Storage 70Qt 3 Pack Stackable Storage Bins with 3 Lids Closet Organizer Boxes for Clothes Foldable Storage Box for Clothes/Toys/Office Supplies/Snacks(23Qt X 3)","HOMIDEC","$32.99","1,158","23","$38,202","08/22/2023","$8.46","4.3","124","$24.53","41,615","6","FBA","2","Home & Kitchen","Oversize","10.63 x 25.6 x 14.76 in","7.19 lb","https://www.amazon.com/dp/B0CGD1W4P6"
"","","B0CH8FK9TK","16 Drawers, Acrylic Desk Makeup Organizer, Plastic Drawers Organizer, Stackable Storage Solution for Makeup, Dresser, Office, Bathroom Clear Plastic Craft and Bead Storage Cabinet","ARSTPEOE","$39.99","1,907","34","$76,261","09/03/2023","","4.1","47","","7,280","6","FBA","3","Office Products","","","","https://www.amazon.com/dp/B0CH8FK9TK"
"","","B01GSU5GWC","Sterilite 3 Drawer Wide Weave Storage Tower, Plastic Decorative Drawers to Organize Clothes in Bedroom, Closet, Brown with Brown Drawers, 1-Pack","Sterilite","$26.93","6,680","273","$179,892","06/07/2016","$-9.99","4.4","6,250","$36.92","1,905","6","AMZ","4","Home & Kitchen","Oversize","22.25 x 24.6 x 16.25 in","11.499 lb","https://www.amazon.com/dp/B01GSU5GWC"
"","","B09BBHQS53","IRIS USA 14.5 Quart Stackable Storage Drawer, Plastic Drawer Organizer with Clear Doors for Pantry, Closet, Desk, Kitchen, Under-Sink, Home and Office De-Clutter, Shoes and Crafts - Black, 3 Pack","IRIS USA","$44.99","2,404","9","$108,156","07/26/2021","$17.52","4.4","325","$27.47","105,461","7","AMZ","9","Home & Kitchen","Oversize","12.31 x 24.38 x 14.5 in","6.6 lb","https://www.amazon.com/dp/B09BBHQS53"
"","","B0BNKYX83H","Gsiekare 4 Pack Stackable Plastic Storage Bins with Lid, 18 Qt Foldable Closet Organizers, Storage Drawers for Clothes Toys","Gsiekare","$45.99","2,669","42","$122,747","11/28/2022","$31.16","3.8","719","$14.83","21,932","7","FBA","4","Home & Kitchen","Standard","10.63 x 6.18 x 17.4 in","1 lb","https://www.amazon.com/dp/B0BNKYX83H"
"","","B0CGTNQNQ4","19.5Gal Big Lidded Collapsible Storage Bins, Plastic Folding Storage Cabinet Stackable Utility Crates Foldable Storage Container Totes with Door and Universal Wheels 3 Pack, Grey","richang","$156.99","465","9","$73,000","08/22/2023","$106.64","4.5","377","$50.35","96,574","6","FBA","4","Home & Kitchen","Oversize","15.7 x 15.7 x 26.8 in","25.1 lb","https://www.amazon.com/dp/B0CGTNQNQ4"
"","","B0BWJVWV9X","Closet Organizers and Storage 8.5 Gal, Storage Bins with Lids 4 Pack, Stackable Collapsible Storage Bins, Storage Cabinet with Wheels, Plastic Foldable Folding Box for Home, Dorm Room Essentials","Idle Way","$119.99","1,401","57","$168,106","02/21/2023","","4.7","656","","15,407","7","FBA","4","Home & Kitchen","","","","https://www.amazon.com/dp/B0BWJVWV9X"
"","","B0BBSP16RN","IRIS USA 2 Pack 3 Drawer Plastic Organizers and Storage, Black","IRIS","$58.04","1,877","39","$108,941","06/17/2018","","4.6","6,739","","23,478","6","AMZ","7","Home & Kitchen","","","","https://www.amazon.com/dp/B0BBSP16RN"
"","","B0CDWPJ6D8","ZLLZUU Under Bed Storage Containers, Plastic Under Bed Storage Bins with Wheels, Stackable Rolling Drawers Shoe Organizer with Lids, Lagre Foldable Storage Box for Clothes, Blankets, 9' H,2 Pack","ZLLZUU","$99.99","102","3","$10,199","08/06/2023","","3.7","16","","276,602","7","FBA","3","Home & Kitchen","","","","https://www.amazon.com/dp/B0CDWPJ6D8"
"","","B0BS43JPV4","DOVAMY Stackable Storage Bins, Set of 3 Storage Drawers for Clothes, Cube Organizer with Lid, Fabric Shoes Storage Box, 15L x 13.8W x 9.8H, Light Gray BTM0302","DOVAMY","$29.99","480","16","$14,395","02/26/2022","","4.5","105","","58,883","","FBA","1","Home & Kitchen","","","","https://www.amazon.com/dp/B0BS43JPV4"
"","","B0B6B4M7BT","Vtopmart 4 Pack Stackable Storage Drawers, 6.6''Tall Acrylic Bathroom Makeup Organizers,Clear Plastic Storage Bins For Vanity, Undersink, Kitchen Cabinet,Pantry Organization and Storage","Vtopmart","$28.99","6,306","195","$182,811","07/11/2022","","4.6","2,200","","889","7","FBA","1","Kitchen & Dining","","","","https://www.amazon.com/dp/B0B6B4M7BT"
"","","B00CQGTIE0","IRIS USA 7 Qt. Plastic Stackable Storage Drawers, Small, 4 Pack, Multi-Purpose Bins for Bedroom, Bathroom, Closet, Craft Room, Garage, Kids Room, Office, Pantry, Under Sink, Black","IRIS","$35.09","1,210","47","$42,459","04/29/2013","$12.91","4.6","4,721","$22.18","19,246","7","AMZ","8","Home & Kitchen","Oversize","13.39 x 17.95 x 12.2 in","6.301 lb","https://www.amazon.com/dp/B00CQGTIE0"
"","","B0CLJDPVF5","ZHAIXIAONIAN 2 Packs Clear Acrylic Modern PET Drawer Storage Organizer Caddy for Office Supplies, School, Home","ZHAIXIAONIAN","$35.99","322","10","$11,589","10/20/2023","","4.4","114","","24,402","7","FBA","1","Office Products","","","","https://www.amazon.com/dp/B0CLJDPVF5"
"","","B0CHM2MNLK","SpaceHacks 4 Pack Stackable Plastic Makeup Organizer Drawers, Acrylic Organizers, Clear Storage Bins with Pull-Out Handles for Vanity, Kitchen Cabinets, Pantry","SpaceHacks","$22.09","1,501","45","$33,157","10/24/2023","","4.5","92","","12,887","6","FBA","1","Beauty & Personal Care","","","","https://www.amazon.com/dp/B0CHM2MNLK"
"","","B07Q4FHWV9","IRIS USA Craft Plastic Organizers and Storage, Rolling Storage Cart for Classroom Supplies, Storage Organizer for Art Supplies, Drawer Top Organizer for Small Parts, 4 Drawer, Black/Pearl","IRIS","$39.99","4,757","167","$190,232","03/28/2019","$12.13","4.6","5,817","$27.86","1,116","7","AMZ","7","Office Products","Oversize","14.8 x 25.2 x 12.7 in","7.899 lb","https://www.amazon.com/dp/B07Q4FHWV9"
"","","B0CJ4YPBX5","Vtopmart 7.6' H Clear Stackable Storage Drawers, 4 Pack Plastic Organizers Bins for Skincare, Cosmetics, Beauty Supplies,Ideal for Vanity, Bathroom,Kitchen Countertop,Cabinet Organization","Vtopmart","$32.99","1,982","50","$65,386","11/20/2023","","4.9","46","","11,570","7","FBA","1","Beauty & Personal Care","","","","https://www.amazon.com/dp/B0CJ4YPBX5"
"","","B0BQ3H7PT8","Clear Storage Bin with Lid 3 Pack 【Stackable & Sturdy】Plastic Bins for Storage, Multifunctional Folding Storage Bins for Bedroom, Living Room, Study, Toy Room, 24 QT Folding Box with Magnetic door","Kmiectse","$41.99","2,509","69","$105,353","12/28/2022","$18.39","4.7","925","$23.60","12,514","7","FBA","5","Home & Kitchen","Oversize","11.02 x 8.66 x 14.96 in","4.72 kg","https://www.amazon.com/dp/B0BQ3H7PT8"
"","","B0C8H8DHWX","VVoodeinck 4 Drawer Style Wardrobe Storage Boxes with Stackable Plastic Storage Basket Wardrobe Storage Box Kitchen Bathroom Bedroom Office Storage Box Layered Storage Box17*13*7IN","VVoodeinck","$25.99","250","7","$6,498","08/28/2023","$13.26","4.4","50","$12.73","123,786","6","FBA","1","Home & Kitchen","Standard","7.09 x 13.39 x 17.32 in","7.09 lb","https://www.amazon.com/dp/B0C8H8DHWX"
"","","B0CC5YKT2T","23Qt Stackable Plastic Storage Bins with Lids - 3 Tier Closet Organizers and Folding Containers for Bedroom, Kitchen, Toy Room","YFXCVSL","$30.99","2,028","69","$62,848","07/17/2023","","4.6","249","","12,338","7","FBA","8","Home & Kitchen","","","","https://www.amazon.com/dp/B0CC5YKT2T"
"","","B0CDXLYN2W","Vtopmart 12''W Clear Stackable Storage Drawers,2 Pack Acrylic Plastic Organizers Bins for Makeup Palettes, Cosmetics, and Beauty Supplies,Ideal for Vanity, Bathroom,Cabinet,Desk Organization","Vtopmart","$22.94","2,073","47","$47,555","10/31/2023","$12.16","4.8","167","$10.78","12,259","7","FBA","1","Beauty & Personal Care","Standard","7.48 x 6.89 x 12.09 in","4.86 lb","https://www.amazon.com/dp/B0CDXLYN2W"
"","","B097QD168M","BINO | Stackable Storage Drawers, Large - Clear | THE CRATE COLLECTION | Storage Bins With Drawers Bathroom Organizers and Storage Organization and Storage Under Sink Organizer Vanity Cabinet Home","BINO","$39.99","2,068","59","$82,699","06/21/2021","$26.96","4.5","782","$13.03","4,311","7","FBA","1","Kitchen & Dining","Standard","9.75 x 5.3 x 13.75 in","1 lb","https://www.amazon.com/dp/B097QD168M"
"","","B09JFSXJ4K","IRIS USA Medium 3-Drawer Stacking Desktop Organizer, 2 Pack, Plastic Drawer Storage Container for Stationery Art Craft Supplies Kitchen Office Garage and Small Business Organization, Black","IRIS","$31.49","4,922","187","$154,994","10/13/2021","$10.23","4.7","8,534","$21.26","960","7","AMZ","7","Office Products","Oversize","11.06 x 19.38 x 13.43 in","5.15 lb","https://www.amazon.com/dp/B09JFSXJ4K"
"","","B0CDWQDZZN","YFXCVSL 102QT Collapsible Storage Bins with Lids - Plastic Bins with Wheels for Bedroom&Living Room, Stackable Storage Bins for Efficient Space Saving, Ideal for Clothes Organizer and Storage4-Tier","YFXCVSL","$129.99","586","20","$76,174","08/06/2023","$92.43","4","15","$37.56","47,592","6","FBA","3","Home & Kitchen","Oversize","1 x 1 x 1 in","24.2 lb","https://www.amazon.com/dp/B0CDWQDZZN"
"","","B0C36XJ3DV","SpaceHacks 2 Pack Stackable Makeup Organizer and Storage, Acrylic OrganizersClear Plastic Storage Drawer with Handles for Vanity, Undersink, Kitchen Cabinets, Pantry","SpaceHacks","$15.99","3,722","68","$59,515","05/31/2023","$7.80","4.5","621","$8.19","8,569","6","FBA","1","Beauty & Personal Care","Standard","6 x 4.4 x 7.5 in","2.46 lb","https://www.amazon.com/dp/B0C36XJ3DV"
"","","B0BY8V2VMS","Makeup Organizer With 16 Drawers, 4 Pcs Desktop Office Supplies, Desk Organizers, Clear Desk Accessories, Dustproof Drawer Storage for Make Up, Jewelry, Pen, Stationary","caktraie","$39.99","3,494","105","$139,725","03/12/2023","$19.73","4.6","560","$20.26","2,044","7","FBA","4","Office Products","Oversize","9.84 x 28.29 x 7 in","2.2 lb","https://www.amazon.com/dp/B0BY8V2VMS"
"","","B00GRSWLTM","ClosetMaid 1566 Stackable 2-Drawer Horizontal Organizer, White","ClosetMaid","$88.09","1,407","24","$123,943","02/04/2015","$56.44","3.8","3,593","$31.65","38,690","5","AMZ","7","Home & Kitchen","Oversize","12 x 24.3 x 4 in","25.25 lb","https://www.amazon.com/dp/B00GRSWLTM"
"","","B0B67PCFLQ","23Qt Plastic Storage Bins Organizer 3 Tier, Stackable Storage Boxes with Lids, Storage Containers for Bedroom Living Room Kitchen Study Office, Folding Storage Boxes","CTSNSLH","$32.99","6,265","256","$206,682","08/24/2022","","4.5","1,995","","2,110","7","FBA","10","Home & Kitchen","","","","https://www.amazon.com/dp/B0B67PCFLQ"
"","","B0CM5LQPPM","MSHOMELY 2 Pack Large Stackable Storage Drawers, Clear Under Sink Organizers and Storage, Arcylic Bathroom Makeup Organizers, Plastic Storage Bins for Vanity, Undersink, Kitchen Cabinet, Bathroom","MSHOMELY","$35.99","300","10","$10,797","","","2.9","4","","28,270","","FBA","","Kitchen & Dining","","","","https://www.amazon.com/dp/B0CM5LQPPM"
"","","B08P16KRQJ","Pinkpum Stackable Plastic Storage Basket-Foldable Closet Organizers and Storage Bins 4 Pack-Drawer Shelf Storage Container for Wardrobe Cupboard Kitchen Bathroom Office 4L","Pinkpum","$37.99","4,151","118","$157,696","11/22/2020","$24.66","4.4","2,337","$13.33","6,388","7","FBA","4","Home & Kitchen","Standard","5.1 x 16.5 x 12.6 in","6.65 lb","https://www.amazon.com/dp/B08P16KRQJ"
"","","B0CB643MKB","HoneySky Plastic Storage Bins Organizer, 15.35'11.0032.87, White Plus Light Brown","HoneySky","$55.99","7,100","114","$397,529","07/04/2023","$22.33","4.3","303","$33.66","6,662","7","FBA","9","Home & Kitchen","Oversize","11 x 32.87 x 15.35 in","7.96 lb","https://www.amazon.com/dp/B0CB643MKB"
"","","B002BA5F6G","Sterilite 6 Qt./5.7 L Stacking Drawers & Carts, 6 Quart, White, 6 Count","Sterilite","$37.79","466","13","$17,610","12/09/2020","$11.78","4.7","1,604","$26.01","73,756","5","AMZ","11","Home & Kitchen","Oversize","17.874 x 17.953 x 13.307 in","11.773 lb","https://www.amazon.com/dp/B002BA5F6G"
"","","B0B825RMNF","CTSNSLH 4 Pack Folding Closet Organizers Storage Box, Stackable Plastic Drawer Basket for Clothing(White)","CTSNSLH","$37.99","3,431","84","$130,344","07/28/2022","","4.4","797","","9,800","7","FBA","6","Home & Kitchen","","","","https://www.amazon.com/dp/B0B825RMNF"
"","","B0CHVKCWS7","4 Pack Folding Closet Organizers Storage Box, Stackable Plastic Storage Basket, Closet Organizers and Storage Drawer Shelf Storage, Storage Container for Cupboard Kitchen Bathroom Bedroom (4L) White","caktraie","$28.99","930","31","$26,961","09/11/2023","$13.26","4.8","47","$15.73","30,282","6","FBA","1","Home & Kitchen","Standard","5 x 5 x 5 in","6.58 lb","https://www.amazon.com/dp/B0CHVKCWS7"
"","","B08RMYP4HV","Easymanie 6 Quart Plastic Storage Drawers, Stackable Desktop Organizer, 3 Packs","Easymanie","$30.99","60","2","$1,859","12/29/2020","$20.55","4.5","158","$10.44","351,270","6","FBA","1","Home & Kitchen","Standard","1 x 1 x 1 in","2.205 lb","https://www.amazon.com/dp/B08RMYP4HV"
"","","B0CJ2NZZFJ","SIMPEXPE Stackable Storage Drawer, Clear Pull Out Plastic Food Fridge Organizer Bins for Home Office Pantry Shelf Organization","SIMPEXPE","$34.99","293","19","$10,252","09/13/2023","","4.8","37","","14,683","7","FBA","1","Kitchen & Dining","","","","https://www.amazon.com/dp/B0CJ2NZZFJ"
"","","B0CJM9C72K","Vtopmart 2 Pack Bamboo Stackable Storage Drawers, 7''Tall Wooden Bathroom Organizer,Plastic Storage Bins For Vanity, Undersink, Kitchen Cabinets, Pantry Organization and Storage","Vtopmart","$22.99","158","3","$3,632","11/30/2023","","4.6","6","","70,582","7","FBA","1","Kitchen & Dining","","","","https://www.amazon.com/dp/B0CJM9C72K"
"","","B06XFYGRX7","STORi Audrey Stackable Clear Bin Plastic Organizer Drawers | 2 Piece Set | Organize Cosmetics and Beauty Supplies on a Vanity | Made in USA","STORi","$23.99","6,798","159","$163,084","05/20/2015","$13.36","4.6","20,978","$10.63","3,399","6","FBA","3","Beauty & Personal Care","Standard","8.98 x 13.39 x 6.18 in","3.75 lb","https://www.amazon.com/dp/B06XFYGRX7"
"","","B0CN2TBM56","Zero Zoo 2Pack Large Stackable Kitchen Storage Drawers, Clear Foods Organizer Bins with Handles, Easily Assemble for Bathroom, Kitchen, Pantry, Cabinet, Closet (Up Handled)","Zero Zoo","$28.99","1,170","39","$33,918","","","4.7","155","","7,005","","FBA","1","Kitchen & Dining","","","","https://www.amazon.com/dp/B0CN2TBM56"
"","","B09XDTXVRD","yazi Stackable Closet Storage Box, 5 Pack Wardrobe Shelf Organizer and Drawer Storage, Light Grey Plastic","yazi","$37.99","337","11","$12,803","04/06/2022","$23.46","4.3","127","$14.53","86,123","7","FBA","2","Home & Kitchen","Standard","12.5 x 7.3 x 17 in","7.83 lb","https://www.amazon.com/dp/B09XDTXVRD"
"","","B09NS9QTH2","Pinkpum Shoe Storage Boxes, Shoe Organizer for Closet Clear, Shoe Boxes Clear Plastic Stackable, Folable Storage Bins with Lids, 12 Pack Sneaker Storage Box Shoe Rack Containers Bins Holders Cabinet","Pinkpum","$29.99","5,434","113","$162,966","12/17/2021","$17.86","4.1","9,133","$12.13","6,766","6","FBA","5","Home & Kitchen","Standard","13.622 x 14.882 x 5 in","6.385 lb","https://www.amazon.com/dp/B09NS9QTH2"
"","","B0BZCZ9FC3","Storage Bins with Lids,78 Quart Plastic White Closet Organizers and Storage,4 Packs Stackable Bins with Wheels,Dual Open Collapsible Storage Bins for Home and Office","KHNR","$206.99","3,212","88","$664,852","05/05/2023","","4.4","422","","9,241","7","FBA","2","Home & Kitchen","","","","https://www.amazon.com/dp/B0BZCZ9FC3"
"","","B0CBM5QY1T","OlarHike 48QT Storage Bins with Lids - Folding Storage box with Doors and Wheels, Collapsible Plastic Storage Bins for Closets, Stackable Storage Organizer, Storage Containers for Closet, 3 Pack Cubes","OlarHike","$119.99","2,340","78","$280,777","","","4.4","163","","10,783","","FBA","","Home & Kitchen","","","","https://www.amazon.com/dp/B0CBM5QY1T"
"","","B0B4G4X43M","HAIXIN Storage Bins with Lids, Collapsible Storage Bins, Wardrobe Closet Organizer, 19 Gal Stackable Toy Storage, Foldable Plastic Storage Container with Door, Crate for Book Storage (3 Pack)","HAIXIN","$199.99","8,519","206","$1.70M","07/28/2022","$106.22","4.5","3,599","$93.77","2,939","6","FBA","2","Home & Kitchen","Oversize","15 x 43 x 25 in","14 lb","https://www.amazon.com/dp/B0B4G4X43M"
"","","B0CCHCPMYP","Syntus 3 Piece Set Stackable Makeup Organizers, 4.4'' Tall Acrylic Drawer Organizer, Clear Plastic Cosmetics Storage Drawers for Vanity, Undersink, Bathroom Organizer, Skincare, Kitchen Cabinets","Syntus","$17.99","519","12","$9,337","07/20/2023","$8.56","4.8","63","$9.43","40,989","7","FBA","1","Beauty & Personal Care","Standard","5.98 x 4.37 x 7.44 in","4.76 lb","https://www.amazon.com/dp/B0CCHCPMYP"
"","","B08K9CP7FP","Skywin Plastic Stackable Storage Bins for Pantry - 4-Pack Black Stackable Bins For Organizing Food, Kitchen, and Bathroom Essentials","Skywin","$33.00","2,421","74","$79,893","06/22/2020","$20.12","4.3","4,115","$12.88","3,327","6","FBA","1","Kitchen & Dining","Standard","11.5 x 7 x 14.5 in","3.32 lb","https://www.amazon.com/dp/B08K9CP7FP"
"","","B0916NYMMV","SimpleHouseware Stackable Basket Drawer, Black","Simple Houseware","$23.87","3,530","115","$84,261","03/25/2021","$12.06","4.6","15,677","$11.81","1,872","5","FBA","1","Kitchen & Dining","Standard","10.9 x 7.5 x 16.8 in","3.39 lb","https://www.amazon.com/dp/B0916NYMMV"
"","","B09R2NGG59","mDesign Stackable Storage Containers Box with 2 Pull-Out Drawers - Stacking Plastic Drawer Bins for Master or Guest Bathroom, Linen Closet, Vanity, or Makeup Table - Lumiere Collection -Clear","mDesign","$24.99","602","24","$15,044","01/23/2022","$15.45","4.7","114","$9.54","11,491","7","FBA","1","Kitchen & Dining","Standard","6 x 7.73 x 8.58 in","2.05 lb","https://www.amazon.com/dp/B09R2NGG59"