"Export time:  2/8/2024, 3:49:59 PM","","ASIN","Product Name","Brand","Price","Monthly Units Sold","Daily Units Sold","Monthly Revenue","Date First Available","Net Revenue","Star Rating","Reviews","Amazon Fees","BSR","LQS","Seller Type","Sellers","Category","Product Tier","Dimensions","Weight","Link"
"","","B0CRL3Y11H","TGLLM Music Boxing Machine with Boxing Gloves, Wall Mounted Smart Bluetooth Music Boxing Trainer, Electronic Boxing Target Training Punching Equipment for Home,Indoor and Gym","TGLLM","$99.99","1,002","38","$100,190","01/04/2024","$68.83","4.4","19","$31.16","5,138","7","FBA","1","Sports & Outdoors","Oversize","17.63 x 3.5 x 19.63 in","2.61 kg","https://www.amazon.com/dp/B0CRL3Y11H"
"boxing equipment","","B0CNPJ6SY9","Smart Music Boxing Machine USB Charging Boxing Equipment with Multifunctional Display and Bluetooth Connection Wall Mounted Lighting Target Boxing Trainer with Boxing Gloves for Kids and Adults","Wakbalxc","$70.00","60","2","$4,200","12/30/2023","","3.5","2","","110,156","","FBA","1","Sports & Outdoors","","","","https://www.amazon.com/dp/B0CNPJ6SY9"
"Average Monthly Sales: 1,951","","B0CJHLRWSF","GOENITZ Music Boxing Machine, Rechargeable Boxing Equipment Wall Mount, Home Smart Boxing Target Workout Machine, Electronic Focus Agility Training Digital Boxing for Kids and Adults","GOENITZ","$99.99","584","10","$58,394","09/20/2023","$69.21","4.6","20","$30.78","23,706","7","FBA","1","Sports & Outdoors","Oversize","17.1 x 3.9 x 17.2 in","2.31 kg","https://www.amazon.com/dp/B0CJHLRWSF"
"Average Revenue: $51,918","","B0CMQ5GRXG","GWF Music Boxing Machine Home Wall Mount Music Boxer, Electronic Smart Focus Agility Training Digital Boxing Wall Target Punching Pads Suitable for Kid","JOYDEF","$99.99","30","1","$3,000","11/05/2023","$75.14","4","15","$24.85","176,621","6","FBA","5","Sports & Outdoors","Oversize","16.93 x 3.54 x 16.93 in","2.5 kg","https://www.amazon.com/dp/B0CMQ5GRXG"
"Average Price: $48.93","","B07GW7CXHT","Valleycomfy Boxing Curved Focus Punching Mitts- Leatherette Training Hand Pads","Valleycomfy","$19.99","3,693","162","$73,823","08/27/2018","$13.22","4.6","10,734","$6.77","681","6","FBA","2","Sports & Outdoors","Standard","9.02 x 6.81 x 10.39 in","0.18 kg","https://www.amazon.com/dp/B07GW7CXHT"
"Average No. of Ratings: 2,946","","B006CV8UE4","Contender Fight Sports Heavy Hitter Boxing Body Protector PBP Black/White","Contender Fight Sports","$87.08","353","12","$30,739","02/23/2012","$46.46","4.8","1,491","$40.62","19,124","6","AMZ","7","Sports & Outdoors","Oversize","18.1 x 7 x 24.5 in","1.25 kg","https://www.amazon.com/dp/B006CV8UE4"
"Average Sales Rank: 33,542","","B07XZNWPLQ","Protocol Punching Bag with Stand - for Adults & Kids - Punching Bag with Stand Plus Boxing Gloves - Adjustable Height Stand - Standard Punching Bag","Protocol","$49.25","548","13","$26,989","09/16/2019","$18.48","4.1","8,830","$30.77","17,853","6","AMZ","11","Sports & Outdoors","Oversize","19.7 x 6 x 20.8 in","3.63 kg","https://www.amazon.com/dp/B07XZNWPLQ"
"Average Rating Number: 4.3","","B0BN9KP6MC","Neck Flex - The Original Head Harness, Neck Muscle Trainer, Workout Head Strap for Neck Relief, 3-in-1 Kit With Functional Trainer Attachments (Bodylastics Resistance Band + Door Anchor)","Neck Flex","$89.95","170","5","$15,292","11/23/2022","$68.83","4.2","45","$21.12","43,420","7","FBA","1","Sports & Outdoors","Standard","11.34 x 3.35 x 11.81 in","0.85 kg","https://www.amazon.com/dp/B0BN9KP6MC"
"","","B09DF9NWC7","Jump Rope, Tangle-Free Rapid Speed Jumping Rope Cable with Ball Bearings for Women, Men, and Kids, Adjustable Steel Jump Rope Workout with Foam Handles for Fitness, Home Exercise & Slim Body","Loocio","$8.99","24,792","1,024","$222,880","08/23/2021","$3.87","4.5","14,977","$5.12","15","7","FBA","1","Sports & Outdoors","Standard","4.76 x 1.46 x 6.77 in","0.19 kg","https://www.amazon.com/dp/B09DF9NWC7"
"","","B0BHT285K2","FitBeast Hand Grip Strengthener Workout Kit (5 Pack), 2 Forearm Grip Adjustable Resistance Hand Gripper, Finger Stretcher, Grip Ring & Stress Relief Grip Ball for Athletes","FitBeast","$15.99","488","6","$7,803","10/09/2022","$8.45","4.5","86","$7.54","36,036","7","FBA","1","Sports & Outdoors","Standard","4.41 x 2.52 x 7.56 in","0.45 kg","https://www.amazon.com/dp/B0BHT285K2"
"","","B076MCLNRW","HOTSUIT Sauna Suit for Men Sweat Sauna Jacket Pant Gym Workout Sweat Suits","HOTSUIT","$59.99","4,858","160","$291,431","05/25/2018","$43.96","4.5","8,720","$16.03","697","6","FBA","1","Sports & Outdoors","Standard","12.87 x 1.73 x 14.84 in","0.55 kg","https://www.amazon.com/dp/B076MCLNRW"
"","","B0BN6B6F2K","Neck Flex - Ballistic Kevlar Series, Neck Harness Trainer Kit, Functional Trainer & Weight Lifting Equipment, Heavy-Duty Head Harness with Chain, Resistance Band & Door Anchor","Neck Flex","$124.95","30","1","$3,749","11/22/2022","","4.3","36","","146,250","7","FBA","1","Sports & Outdoors","","","","https://www.amazon.com/dp/B0BN6B6F2K"
"","","B0CR1CBZQS","Himove Music Boxing Machine with Boxing Gloves, Wall Mounted Smart Bluetooth Music Boxing Trainer","Himove","$99.99","2,610","47","$260,974","12/26/2023","$72.25","4.6","13","$27.74","3,956","7","FBA","30","Sports & Outdoors","Oversize","14.25 x 3 x 15 in","1.68 kg","https://www.amazon.com/dp/B0CR1CBZQS"
"","","B07XBNW5PK","Punching Bag with Stand, Boxing Bag for Teens & Adults - Height Adjustable - Speed Bag for Training, Boxing Equipment, Stress Relief & Fitness","Tech Tools","$99.97","1,223","46","$122,263","10/17/2018","$53.61","4.3","4,543","$46.36","4,119","7","FBA","4","Sports & Outdoors","Oversize","19.2 x 9.3 x 21 in","6.06 kg","https://www.amazon.com/dp/B07XBNW5PK"
"","","B08HWH6DWQ","Boxing Slip Bag, Boxing Dodge Hide Speed Bag Maize Ball Leather Ball for Reflex Training, Boxing, Kickboxing, MMA Pendulum Training (Filler Already Included)","INNOLIFE","$19.98","245","13","$4,895","09/11/2020","$11.19","4.3","316","$8.79","17,733","6","FBA","2","Sports & Outdoors","Standard","4.72 x 4.02 x 7.09 in","1.13 kg","https://www.amazon.com/dp/B08HWH6DWQ"
"","","B07CKKLZVD","Sanabul Essential Striking Gel Ankle Guard for MMA Kickboxing | Ankle Sleeves for Men & Women | MMA Kickboxing Muay Thai Ankle Support and Protection (Pair) (Black, L/XL)","Sanabul","$14.99","744","21","$11,153","11/12/2017","$9.20","4.5","1,040","$5.79","10,303","6","FBA","1","Sports & Outdoors","Standard","5.59 x 1.97 x 5.75 in","5.93 oz","https://www.amazon.com/dp/B07CKKLZVD"
"","","B06XBNXLP5","Sanabul Essential Curved Punching Mitts for Boxing and MMA | Ultimate Boxing Mitts & Pads Training Gear for Athletes | High-Performance Focus Mitts Muay Thai Pads for Sparring & Training Boxing Pads","Sanabul","$27.99","2,059","66","$57,631","04/13/2016","$14.96","4.7","11,525","$13.03","2,557","7","FBA","1","Sports & Outdoors","Standard","9.25 x 7.36 x 11.02 in","0.44 kg","https://www.amazon.com/dp/B06XBNXLP5"
"","","B08TSV67NH","Elite Sports Best Celestial Head Guard, a Complete Package for MMA and Kickboxing Trainees, Muay Thai Boxing Safety Head Guard for Adult Men","Elite Sports","$29.99","2,341","81","$70,207","01/21/2021","$21.72","4.6","1,186","$8.27","1,942","6","FBA","1","Sports & Outdoors","Standard","10 x 6.85 x 11.89 in","0.34 kg","https://www.amazon.com/dp/B08TSV67NH"
"","","B0C5JJNLHL","JUOIFIP Standing Punching Bag for Adults 69'' Heavy Bag with Stand Inflatable Boxing Bags Freestanding Kickboxing Bag Equipment for Training MMA Muay Thai Fitness to use Outdoor Indoor","JUOIFIP","$39.99","447","24","$17,876","06/17/2023","$26.06","3.6","52","$13.93","8,915","6","FBA","4","Sports & Outdoors","Standard","9.41 x 4.92 x 11.89 in","1.81 kg","https://www.amazon.com/dp/B0C5JJNLHL"
"","","B09F925LQC","AERLANG Push Up Board, Portable Multi-Function Foldable 10 in 1 Push Up Bar, Push up Handles for Floor,Professional Push Up Strength Training Equipment","AERLANG","$16.99","5,777","219","$98,151","10/13/2021","$8.01","4.4","3,299","$8.98","407","7","FBA","2","Sports & Outdoors","Standard","8.13 x 2.25 x 13.3 in","1.08 kg","https://www.amazon.com/dp/B09F925LQC"
"","","B0CB14BSMM","ULLIKI 65' Punching Bag for Adults and Kids with Gloves - Freestanding Heavy Boxing Bag, Inflatable Boxing Training Equipment Practice Daily Boxing Activities Gift for Kids, Men, Women, boy, Girl","ULLIKI","$58.99","473","16","$27,902","08/30/2023","$42.21","4.1","51","$16.78","14,167","7","FBA","4","Sports & Outdoors","Standard","9.96 x 4.57 x 11.81 in","1.41 kg","https://www.amazon.com/dp/B0CB14BSMM"
"","","B0CPBXC48X","BKCEHCRS Music Boxing Training Machine, Smart Music Boxing Machine Wall Mounted with 9-Level Speed Adjustment,One Punch Boxing Machine with LED Light, Boxing Game with Bluetooth Music","BKCEHCRS","$74.99","","","$0.00","01/28/2024","","","","","371,207","7","FBA","1","Sports & Outdoors","","","","https://www.amazon.com/dp/B0CPBXC48X"
"","","B0BCLD9MQK","Hayabusa Double Ended Bag Classic Sphere - Black, 12 Inches","Hayabusa","$49.99","71","2","$3,549","08/30/2022","$32.46","4.4","33","$17.53","116,772","5","FBA","2","Sports & Outdoors","Standard","12.01 x 4.96 x 16.22 in","0.38 kg","https://www.amazon.com/dp/B0BCLD9MQK"
"","","B08XYF687C","Sanabul Lab Series Mesh Duffel Gym Bag for Men and Women | Sports, Workout, Boxing Gym Bag | Men's Gym Bag | Womens Gym Bag with Shoe Compartment (Black/White, Oversize)","Sanabul","$39.99","360","12","$14,396","03/15/2021","$23.15","4.7","263","$16.84","19,581","5","FBA","1","Sports & Outdoors","Oversize","15.276 x 22.008 x 2.362 in","1.806 lb","https://www.amazon.com/dp/B08XYF687C"
"","","B01LBLGKQY","Elite Sports Mens MMA Fight Shorts, Black Jack UFC, BJJ, No Gi, Grappling, Jiu Jitsu Shorts","Elite Sports","$19.99","2,668","88","$53,333","10/21/2018","$12.19","4.6","2,283","$7.80","9,302","6","FBA","1","Clothing, Shoes & Jewelry","Standard","5.984 x 7.323 x 2.559 in","0.604 lb","https://www.amazon.com/dp/B01LBLGKQY"
"","","B09SZ46MCG","Prorobust Punching Bag for Adults, 4ft PU Heavy Boxing Bag Set with 12OZ Gloves for MMA Kickboxing Boxing Karate Home Gym Training (Unfilled)","Prorobust","$77.39","930","35","$71,973","03/29/2022","$48.10","4.3","785","$29.29","5,692","7","FBA","5","Sports & Outdoors","Oversize","13.15 x 6.69 x 17.2 in","3.23 kg","https://www.amazon.com/dp/B09SZ46MCG"
"","","B0BQDNMCRN","KTEBO Boxing Reflex Ball Headband Set, Boxing Equipment, Include 4 Different Ball and 2 Adjustable Headband, Great for Beginner Improve Proficiency, Boxing Gifts for Men","KTEBO","$9.99","1,529","61","$15,275","12/16/2022","$4.72","4.1","349","$5.27","2,836","6","FBA","1","Sports & Outdoors","Standard","5.35 x 2.8 x 6.18 in","0.21 kg","https://www.amazon.com/dp/B0BQDNMCRN"
"","","B08MWSBKB6","RDX Boxing Gloves Men Women, Pro Training Sparring, Maya Hide Leather Muay Thai MMA Kickboxing, Adult Heavy Punching Bag Gloves Mitts Focus Pad Workout, Ventilated Palm","RDX","$28.99","10,343","416","$299,844","11/08/2020","$16.56","4.7","9,029","$12.43","119","7","FBA","2","Sports & Outdoors","Standard","7.24 x 5.16 x 14.45 in","0.84 kg","https://www.amazon.com/dp/B08MWSBKB6"
"","","B07DNM8Q42","Xnature Essential Curved Boxing MMA Punching Mitts Boxing Pads w/Gift Box Hook & Jab Pads MMA Target Focus Punching Mitts Thai Strike Kick Shield for X'Mas Gift","Xnature","$23.49","410","14","$9,631","06/10/2018","$16.20","4.6","2,603","$7.29","15,647","7","FBA","1","Sports & Outdoors","Standard","12.13 x 7.76 x 14.48 in","0.27 kg","https://www.amazon.com/dp/B07DNM8Q42"
"","","B099DQ6K5F","NDNRTA Double End Bag, (Classic style Upgraded),Double End Punching bag,Boxing Bag Double End, Leather Boxing Ball,(Shipped from the United States),Punching Bag, Boxing Equipment, Floor to Ceiling, for Boxing","NDNRTA","$22.99","180","6","$4,138","07/13/2021","$12.66","4.3","219","$10.33","39,553","6","FBA","30","Sports & Outdoors","Standard","6.65 x 3.07 x 17.2 in","0.49 kg","https://www.amazon.com/dp/B099DQ6K5F"
"","","B08S8ZFK14","GYRO FITNESS | Shadow Boxer Pro | Boxing Resistance Bands Set for Shadow Boxing, Comes with Ankle Cuffs | Ideal Addition to Your Home Boxing Equipment","GYRO FITNESS","$54.95","359","14","$19,727","05/04/2021","$39.08","4.4","543","$15.87","16,453","6","FBA","2","Sports & Outdoors","Standard","9.02 x 5.04 x 10.94 in","1.28 kg","https://www.amazon.com/dp/B08S8ZFK14"
"","","B0BZHJQHGS","JUOIFIP Freestanding Punching Bag with Boxing Gloves and Electric Air Pump - 69 Punching Bag with Stand Adult, Women Men Standing Boxing Bag Inflatable Kickboxing Bag for Training MMA Thai Fitness","JUOIFIP","$54.99","169","4","$9,293","03/23/2023","$36.41","3.9","64","$18.58","62,433","7","FBA","3","Sports & Outdoors","Standard","11.11 x 5.52 x 16.55 in","2.53 kg","https://www.amazon.com/dp/B0BZHJQHGS"
"","","B09B4V3N5W","Jump Rope, Weighted Jump Ropes for Men women, 2.8lb 3lb 5lb Heavy Skipping Rope for Exercise, Adult Jumpropes for Home Workout, Improve Strength and Building Muscle,Total Body Workout Equipment","HPYGN","$19.97","2,386","87","$47,648","09/08/2021","$9.94","4.6","802","$10.03","1,752","7","FBA","3","Sports & Outdoors","Standard","7.05 x 3.19 x 14.57 in","1.08 kg","https://www.amazon.com/dp/B09B4V3N5W"
"","","B0CCYTXXMG","Speed Bag Boxing Punching Bag Wall Mount Height Adjustable Boxing Reflex Ball Speed Bag for Boxing Boxing for Adults Kids","Moulyan","$36.56","134","4","$4,899","01/28/2023","$24.65","3.8","50","$11.91","57,801","7","FBA","1","Sports & Outdoors","Standard","4.72 x 3.9 x 11.18 in","1.5 kg","https://www.amazon.com/dp/B0CCYTXXMG"
"","","B01LXL00DI","Ringside Quick Wrap Gel Shock MMA Boxing Hand Wraps","Ringside","$14.99","601","15","$9,009","09/19/2016","$9.82","4.3","2,501","$5.17","14,296","5","AMZ","2","Sports & Outdoors","Standard","4 x 0.5 x 11 in","0.02 kg","https://www.amazon.com/dp/B01LXL00DI"
"","","B0BY8XYPC9","Punching Bag for Ages 3 4 5 6 7 8+ Years Old Kids, Boxing Bag Set Toy with Boxing Gloves, Height Adjustable Punching Bag, Sport Toy for Boys & Girls, Ideal Christmas Birthday Gift for Kids","NATGGZ","$29.99","510","10","$15,295","03/12/2023","$15.16","4.7","476","$14.83","21,889","7","FBA","7","Sports & Outdoors","Standard","14 x 4.5 x 16.4 in","1.57 kg","https://www.amazon.com/dp/B0BY8XYPC9"
"","","B087X35JJ8","KDG Hand Grip Strengthener 2 Pack Adjustable Resistance 10-130 lbs Forearm ExerciserGrip Strength Trainer for Muscle Building and Injury Recovery for Athletes","KDG","$12.99","6,244","197","$81,110","05/30/2020","$7.27","4.3","12,242","$5.72","492","7","FBA","1","Sports & Outdoors","Standard","4.41 x 2.09 x 7.01 in","0.31 kg","https://www.amazon.com/dp/B087X35JJ8"
"","","B09Z5YXM9X","INNOLIFE Boxing Slip Bag, Boxing Dodge Hide Speed Bag Maize Ball Leather Ball for Reflex Training, Boxing, Kickboxing, MMA Pendulum Training Red (Without Filler)","INNOLIFE","$13.58","76","6","$1,032","04/28/2022","$8.00","4.3","58","$5.58","39,352","6","FBA","1","Sports & Outdoors","Standard","6.3 x 1.34 x 7.99 in","0.13 kg","https://www.amazon.com/dp/B09Z5YXM9X"
"","","B0915P4S6S","2 Pack Nxtrnd Rush Mouth Guard Sports, Professional Mouthguards for Boxing, Jiu Jitsu, MMA, Wrestling, Football, Lacrosse, and All Sports, Fits Adults, Youth, and Kids 11+ (B&W Fang)","NXT NXTRND","$18.95","1,575","46","$29,846","09/08/2019","$12.57","4.3","2,682","$6.38","4,066","6","FBA","1","Sports & Outdoors","Standard","6.22 x 0.94 x 11.38 in","0.63 oz","https://www.amazon.com/dp/B0915P4S6S"
"","","B0140JKN2G","Meister Glove Deodorizers for Boxing and All Sports - Absorbs Stink and Leaves Gloves Fresh","Meister","$12.99","5,365","191","$69,691","08/14/2015","$7.50","4.7","14,477","$5.49","516","5","FBA","2","Sports & Outdoors","Standard","4.76 x 1.93 x 10.28 in","0.14 kg","https://www.amazon.com/dp/B0140JKN2G"
"","","B07VCCV3GL","TOCO FREIDO Double End Punching Ball, Speed Bag with Difficulty Levels Boxing Reflex Ball with Headband, Perfect for Reaction, Agility, and Hand Eye Coordination Training","TOCO FREIDO","$24.99","441","15","$11,021","07/16/2019","$14.81","4.1","2,687","$10.18","15,167","8","FBA","4","Sports & Outdoors","Standard","7.4 x 3.1 x 10.2 in","0.57 kg","https://www.amazon.com/dp/B07VCCV3GL"
"","","B0CGZZLBG9","willpygo Boxing Bag Portable Doorway Punching Bag Speed Bag Apartment Friendly Workouts Aerobic Exercise Stress Relief Sports Fitness 28'-36' Size Black","willpygo","$99.98","189","8","$18,896","08/30/2023","$65.02","4.7","29","$34.96","29,788","6","FBA","2","Sports & Outdoors","Oversize","13.75 x 7.85 x 17.25 in","1.66 kg","https://www.amazon.com/dp/B0CGZZLBG9"
"","","B0CNVN6VPX","SHPYIKYUEN Music Boxing Machine, Smart Boxing Machine Wall Mounted, Bluetooth Boxing Training Punching Equipment, Home Workout Musical Boxing Machine with Gloves","SHPYIKYUEN","$77.70","311","9","$24,165","11/22/2023","$50.27","4.4","4","$27.44","25,814","7","FBA","30","Sports & Outdoors","Oversize","17 x 4 x 17 in","2.29 kg","https://www.amazon.com/dp/B0CNVN6VPX"
"","","B079V8TRNC","Venum Challenger 2.0 Kids Boxing Gloves","Venum","$26.58","420","14","$11,164","02/14/2018","$15.39","4.7","883","$11.19","15,528","5","AMZ","3","Sports & Outdoors","Standard","6.5 x 4.5 x 14 in","1.5 lb","https://www.amazon.com/dp/B079V8TRNC"
"","","B0BMQQPXVY","Boxing Resistance Bands for MMA Martial Arts Resistance Training at Home for Punches/Kicks, 150lbs Exercise Bands Full Body Fitness Workout to Enhance Explosive Power/Speed/Agility","MA MARTIAL ARTS STYLE","$35.90","336","15","$12,062","11/16/2022","$24.09","4.2","73","$11.82","14,675","7","FBA","1","Sports & Outdoors","Standard","8.27 x 2.72 x 9.84 in","0.75 kg","https://www.amazon.com/dp/B0BMQQPXVY"
"","","B0BR6K49KH","Vkahaak 4FT Punching Bag for Adults/Kids, Unfilled Heavy Punching Bag, Boxing Bag Set with Punching Gloves, Wraps, Chain, Ceiling Hook for MMA Kickboxing Boxing Karate Muay Thai Taekwondo","vkahaak","$59.99","311","9","$18,657","12/27/2022","$34.07","4.3","241","$25.92","25,826","7","FBA","1","Sports & Outdoors","Oversize","9.65 x 8.9 x 16.06 in","2.75 kg","https://www.amazon.com/dp/B0BR6K49KH"
"","","B0BQBLYXDF","JUOIFIP Freestanding Punching Bags for Adults - 69' Freestanding Heavy Boxing Bag for Adult - Men Standing Boxing Bag Inflatable Kickboxing Bag for Home Office Gym with Gift Box","JUOIFIP","$36.99","73","3","$2,700","01/15/2023","$22.61","3.9","79","$14.38","70,355","6","FBA","2","Sports & Outdoors","Standard","10.98 x 5.83 x 11.18 in","1.95 kg","https://www.amazon.com/dp/B0BQBLYXDF"
"","","B0BKH29M61","Everlast Pro Style2 Training Gloves","Everlast","$31.15","3,285","103","$102,328","10/24/2022","$22.62","4.5","266","$8.53","1,375","3","AMZ","6","Sports & Outdoors","Standard","6.85 x 5.55 x 15 in","0.91 kg","https://www.amazon.com/dp/B0BKH29M61"
"","","B017V08A80","Sanabul Elastic 180 inch Boxing Handwraps | Boxing Gloves Muay Thai MMA Boxing Hand Wraps","Sanabul","$6.99","10,540","443","$73,675","11/10/2015","$2.40","4.6","24,193","$4.59","104","6","FBA","1","Sports & Outdoors","Standard","2.91 x 2.24 x 5.47 in","0.1 kg","https://www.amazon.com/dp/B017V08A80"
"","","B078Y45V5X","Venum Elite Boxing Gloves","Venum","$51.99","2,336","66","$121,449","01/10/2018","$29.85","4.7","7,672","$22.14","2,542","4","AMZ","4","Sports & Outdoors","Standard","8.98 x 5.67 x 15.16 in","0.94 kg","https://www.amazon.com/dp/B078Y45V5X"
"","","B0BKK8KCJN","JUOIFIP Freestanding Punching Bags for Adults - 69' Heavy Punching Bag with Stand - Men Standing Boxing Bag Inflatable Kickboxing Bag for Training MMA Muay Thai Fitness","JUOIFIP","$37.98","387","12","$14,698","01/07/2023","$16.59","3.8","677","$21.39","18,629","6","FBA","1","Sports & Outdoors","Oversize","12.28 x 7.05 x 16.18 in","2.1 kg","https://www.amazon.com/dp/B0BKK8KCJN"
"","","B0CJHNFRGK","GOENITZ Music Boxing Machine, Rechargeable Boxing Equipment Wall Mount, Home Smart Boxing Target Workout Machine, Electronic Focus Agility Training Digital Boxing for Kids and Adults","GOENITZ","$109.99","548","10","$60,275","09/20/2023","$77.71","4.6","20","$32.28","23,706","7","FBA","1","Sports & Outdoors","Oversize","17 x 4 x 17.1 in","2.34 kg","https://www.amazon.com/dp/B0CJHNFRGK"
"","","B07YF8S143","YMX BOXING Ultimate Reflex Ball Set - 4 React Reflex Ball Plus 2 Adjustable Headband, Great for Reflex, Timing, Accuracy, Focus and Hand Eye Coordination Training for Boxing, MMA and Krav Mega","YMX BOXING","$19.99","1,457","35","$29,125","11/17/2019","$13.22","4.4","10,189","$6.77","5,646","7","FBA","1","Sports & Outdoors","Standard","3.31 x 2.72 x 10.04 in","0.33 kg","https://www.amazon.com/dp/B07YF8S143"
"","","B0CFLRX1DW","TELALEO 5 Pack Men's Athletic Compression Shirts Sleeveless Workout Tank Top","TELALEO","$28.99","2,479","83","$71,866","09/22/2022","$20.79","4.5","647","$8.20","10,011","","FBA","1","Clothing, Shoes & Jewelry","Standard","8.4 x 0.4 x 11 in","3.53 oz","https://www.amazon.com/dp/B0CFLRX1DW"
"","","B0BYV6S438","BOLUPO Music Boxing Machine with Boxing Glove Home Wall Mount Music Machine, Electronic Smart Focus Agility Training Digital Boxing Wall Target Punching Pads Suitable for Kid (with Boxing Hand Wraps)","BOLUPO","$99.99","302","4","$30,197","03/17/2023","$71.11","3.7","90","$28.88","57,256","7","FBA","2","Sports & Outdoors","Oversize","16.15 x 3.25 x 16.15 in","2.47 kg","https://www.amazon.com/dp/B0BYV6S438"
"","","B07ZNPTKQ6","Liberlupus Boxing Gloves for Men & Women, Boxing Training Gloves, Kickboxing Gloves, Sparring Punching Gloves, Heavy Bag Workout Gloves for Boxing, Kickboxing, Muay Thai, MMA10 12 14 16oz","LIBERLUPUS","$29.99","4,451","107","$133,485","06/03/2019","$16.36","4.7","8,561","$13.63","1,304","7","AMZ","3","Sports & Outdoors","Standard","9.97 x 5.32 x 15.44 in","0.57 kg","https://www.amazon.com/dp/B07ZNPTKQ6"
"","","B0CHYH1NFT","GOENITZ Interactive Boxing Trainer,Rechargeable Home Workout Equipment, Wall-Mounted Smart Boxing Target, Digital Agility Training for Kids and Adults (Vermeil)","GOENITZ","$97.97","52","1","$5,094","09/12/2023","$67.11","2.2","7","$30.86","154,282","7","FBA","30","Sports & Outdoors","Oversize","17.2 x 4.06 x 17.32 in","2.48 kg","https://www.amazon.com/dp/B0CHYH1NFT"
"","","B0C5766397","Vensmuste Punching Bag for Adults, 4FT PU Heavy Boxing Bag Set, Heavy Punching Bag with 12OZ Gloves for MMA Karate Kickboxing Boxing Muay Thai Training at Home or Gym - Unfilled Heavy Bag","Vensmuste","$69.99","380","10","$26,596","05/13/2023","$42.57","4.4","58","$27.42","23,919","6","FBA","3","Sports & Outdoors","Oversize","13.86 x 6.18 x 15.98 in","3.27 kg","https://www.amazon.com/dp/B0C5766397"
"","","B00FTDXLB8","MaxxMMA Speed-Adjustable Freestanding Reflex Bag Kit","MaxxMMA","$85.99","222","6","$19,090","11/11/2013","$45.53","4.1","700","$40.46","36,320","5","FBA","2","Sports & Outdoors","Oversize","18.62 x 6.97 x 24.25 in","3.61 kg","https://www.amazon.com/dp/B00FTDXLB8"
"","","B09F6NQ7MH","Punching Bag for Kids and Adults, Boxing Equipment with Stand for Immediate Bounce-Back, 63 Inches Inflatable Boxing Bag Used to Practice Daily Boxing Activities Gift for Kids, Men, Women, boy, Girl","ULLIKI","$49.99","148","6","$7,399","10/29/2021","$35.46","3.8","290","$14.53","36,745","7","FBA","3","Sports & Outdoors","Standard","8.5 x 4.13 x 9.37 in","1.11 kg","https://www.amazon.com/dp/B09F6NQ7MH"