"Export time:  2/5/2024, 12:59:34 AM","","ASIN","Product Name","Brand","Price","Monthly Units Sold","Daily Units Sold","Monthly Revenue","Date First Available","Net Revenue","Star Rating","Reviews","Amazon Fees","BSR","LQS","Seller Type","Sellers","Category","Product Tier","Dimensions","Weight","Link"
"","","B07JJCHNH2","Amazon Basics 6-Tier Hanging Shelf Closet Storage Organizer with Removable Drawers, Grey, 6.9'D x 13.6'W x 12.2'H","Amazon Basics","$24.98","","","","01/05/2020","$14.20","4.4","6,712","$10.78","4,021","6","AMZ","10","Our Brands","Standard","13.1 x 14.7 x 3.8 in","4.5 lb","https://www.amazon.com/dp/B07JJCHNH2"
"closet storage","","B0BZCTXKPZ","Vtopmart 4 Pack Large Stackable Storage Drawers,Clear Acrylic Drawer Organizers with Handles, Easily Assemble for Bathroom,Kitchen Undersink,Cabinet,Closet,Makeup,Pantry organization and Storage","Vtopmart","$34.99","14,218","393","$497,488","03/22/2023","$21.51","4.6","308","$13.48","1,042","6","FBA","6","Home & Kitchen","Standard","7.5 x 7 x 12 in","9.81 lb","https://www.amazon.com/dp/B0BZCTXKPZ"
"Average Monthly Sales: 6,224","","B097PVKRYM","SEE SPRING Large 12 Pack Shoe Storage Box, Clear Plastic Stackable Shoe Organizer for Closet, Space Saving Foldable Shoe Rack Sneaker Container Bin Holder","SEE SPRING","$39.99","24,893","748","$995,471","06/21/2021","$26.36","4.2","24,438","$13.63","313","7","FBA","4","Home & Kitchen","Standard","13.7 x 15.24 x 4.41 in","7.39 lb","https://www.amazon.com/dp/B097PVKRYM"
"Average Revenue: $212,257","","B0C69J13Y7","KOKOIN Magnetic Acrylic Clear Shoe Boxes  360 Clear Plastic Stackable Sneaker Storage Box shoe Display Box Professional Grade Shoe Display Case, Shoe Organizer for Closet (Transparent 6pc)","KOKOIN","$69.99","90","3","$6,299","","","4.4","461","","248,173","","FBA","","Home & Kitchen","","","","https://www.amazon.com/dp/B0C69J13Y7"
"Average Price: $42.88","","B0BNKYX83H","Gsiekare 4 Pack Stackable Plastic Storage Bins with Lid, 18 Qt Foldable Closet Organizers, Storage Drawers for Clothes Toys","Gsiekare","$29.97","3,070","121","$92,008","11/28/2022","$17.54","3.8","696","$12.43","6,194","7","FBA","2","Home & Kitchen","Standard","10.63 x 6.18 x 17.4 in","1 lb","https://www.amazon.com/dp/B0BNKYX83H"
"Average No. of Ratings: 8,388","","B0CGZ9ZK4Z","4 Tier Collapsible Storage Bins with Wheels and Lids - 23QT Stackable Closet Organizers, Foldable Plastic Containers for Home, Office, Dorm Room","Wise Oannes","$49.99","6,099","152","$304,889","08/30/2023","$33.96","4.3","169","$16.03","4,540","7","FBA","4","Home & Kitchen","Standard","11.34 x 7.8 x 17.24 in","7.8 lb","https://www.amazon.com/dp/B0CGZ9ZK4Z"
"Average Sales Rank: 27,337","","B0CHVKCWS7","4 Pack Folding Closet Organizers Storage Box, Stackable Plastic Storage Basket, Closet Organizers and Storage Drawer Shelf Storage, Storage Container for Cupboard Kitchen Bathroom Bedroom (4L) White","caktraie","$24.99","2,640","88","$65,974","09/11/2023","$9.26","4.8","44","$15.73","9,206","6","FBA","1","Home & Kitchen","Standard","5 x 5 x 5 in","6.58 lb","https://www.amazon.com/dp/B0CHVKCWS7"
"Average Rating Number: 4.4","","B08RJH86MC","GRANNY SAYS 5-Shelf Hanging Closet Organizers and Storage, Hanging Shelves for Closet Storage, Collapsible Hanging Shelf Organizer for Clothes Organization, Beige, 12 ' D X 12 ' W X 45 ' H","GRANNY SAYS","$15.99","3,942","36","$63,033","02/08/2021","$7.16","4.6","2,126","$8.83","25,592","6","FBA","1","Home & Kitchen","Standard","12.9 x 2.7 x 12.9 in","1.739 lb","https://www.amazon.com/dp/B08RJH86MC"
"","","B09Y5NZ4YZ","CubesLand Woven Basket for Organizing/Storage,Cube Shelf Closet Storage Baskets Bins Set 3,Long-Lasting &Skin-Friendly Toy Storage Basket Bin,Stylish Room Decor Basket,Woven Cotton Rope Cute Basket","CubesLand","$31.99","1,341","46","$42,899","01/03/2023","$20.16","4.6","828","$11.83","19,651","6","FBA","1","Home & Kitchen","Standard","8.74 x 17.68 x 4.84 in","3.419 lb","https://www.amazon.com/dp/B09Y5NZ4YZ"
"","","B0BNL1Y5FM","Vailando 6-Shelf Hanging Closet Organizer, Hanging Shelves for Closet with 2 Large Drawer&1 Drawer w/Compartment, 12'' x 12'' x 48.8'', Baby Organizer for Nursery","Vailando","$29.99","1,530","51","$45,885","11/28/2022","","4.5","84","","17,747","7","FBA","1","Home & Kitchen","","","","https://www.amazon.com/dp/B0BNL1Y5FM"
"","","B0BRQ9XVPC","Volnamal Legging Organizer for Closet, Metal Yoga Pants Hanger w/Rubber Coated 2 Pack w/10 Clips Hold 20 Leggings, Hangers Space Saving Hanging Closet Organizer for Closet Organizers and Storage-Grey","Volnamal","$15.99","7,953","265","$127,168","01/04/2023","","4.4","828","","1,995","7","FBA","1","Home & Kitchen","","","","https://www.amazon.com/dp/B0BRQ9XVPC"
"","","B0B825RMNF","CTSNSLH 4 Pack Folding Closet Organizers Storage Box, Stackable Plastic Drawer Basket for Clothing(White)","CTSNSLH","$37.99","4,708","77","$178,857","07/28/2022","","4.4","775","","10,933","7","FBA","5","Home & Kitchen","","","","https://www.amazon.com/dp/B0B825RMNF"
"","","B0CGD1W4P6","HOMIDEC Closet Organizers and Storage 70Qt 3 Pack Stackable Storage Bins with 3 Lids Closet Organizer Boxes for Clothes Foldable Storage Box for Clothes/Toys/Office Supplies/Snacks(23Qt X 3)","HOMIDEC","$32.99","1,434","34","$47,308","08/22/2023","$8.46","4.3","113","$24.53","26,869","6","FBA","4","Home & Kitchen","Oversize","10.63 x 25.6 x 14.76 in","7.19 lb","https://www.amazon.com/dp/B0CGD1W4P6"
"","","B073PJ9LB6","Amazon Basics Closet Storage Organizer with Fabric Bins and 3 Shelves, Grey, 32.7' x 12.2' x 31'","Amazon Basics","$24.97","","","","01/02/2018","$9.62","4.6","13,861","$15.35","2,161","6","AMZ","16","Our Brands","Oversize","13 x 32 x 2 in","7.899 lb","https://www.amazon.com/dp/B073PJ9LB6"
"","","B09WF8MC9D","Attelite Plastic Purse and Handbag Storage Organizer for Closet, Clear Acrylic Display Case with Magnetic Door for Wallet, Book, Cosmetic, Toys, Clutch Organization 3 Pack","Attelite","$32.98","611","12","$20,151","03/23/2022","$15.67","4.7","285","$17.31","74,717","7","FBA","1","Home & Kitchen","Oversize","8.7 x 10.6 x 14.2 in","9.22 lb","https://www.amazon.com/dp/B09WF8MC9D"
"","","B09R2KMKQP","mDesign Plastic Divided Clutch Organizer for Closets, Bedrooms, Dressers - Closet Shelf Storage Solution for Purses, Wallets, Bill Folds, and Accessories, 7 Sections, Lumiere Collection, 2 Pack, Clear","mDesign","$47.99","1,635","30","$78,464","02/06/2022","$29.95","4.6","3,398","$18.04","31,465","6","FBA","1","Home & Kitchen","Oversize","11.969 x 18.189 x 3.78 in","3.946 lb","https://www.amazon.com/dp/B09R2KMKQP"
"","","B0CL25FDTQ","FITYE-KY Folding Storage Bins, 8.5 Gallon Folding Storage Bins, Stackable Storage Bins, Wardrobe Organizer Plastic Foldable Storage Bins, Storage Cabinets with Lid, Storage Bins with Doors, 2-Pack","FITYE-KY","$45.99","30","1","$1,380","10/16/2023","","4.1","9","","597,613","","FBA","1","Home & Kitchen","","","","https://www.amazon.com/dp/B0CL25FDTQ"
"","","B09MK34HL5","5 Tier Closet Hanging Organizer, Clothes Hanging Shelves with 4 Hanging Hooks 5 S Hooks, Wire Storage Basket Bins, for Clothing Sweaters Shoes Handbags Clutches Accessories Patent Design","X-cosrack","$45.99","968","33","$44,518","05/08/2022","$30.56","4.6","388","$15.43","28,575","7","FBA","8","Home & Kitchen","Standard","10.91 x 13.11 x 6.73 in","10.249 lb","https://www.amazon.com/dp/B09MK34HL5"
"","","B0C4H3Z6K7","Durmmur 2 Pack Hat Racks for Baseball Caps, Stainless Steel Hat Organizer for Baseball Cap, Hat Holder Storage Organizer, Hat Hanger Strong Adhesive/Wall Drilled for Door,Bedroom,Closet(Black)","Durmmur","$5.95","18,593","872","$110,628","05/05/2023","$1.52","4.4","649","$4.43","229","7","FBA","1","Home & Kitchen","Standard","3.14 x 2.08 x 6.77 in","0.35 lb","https://www.amazon.com/dp/B0C4H3Z6K7"
"","","B08P16KRQJ","Pinkpum Stackable Plastic Storage Basket-Foldable Closet Organizers and Storage Bins 4 Pack-Drawer Shelf Storage Container for Wardrobe Cupboard Kitchen Bathroom Office 4L","Pinkpum","$37.99","3,805","94","$144,552","11/22/2020","$24.66","4.4","2,315","$13.33","8,511","7","FBA","4","Home & Kitchen","Standard","5.1 x 16.5 x 12.6 in","6.65 lb","https://www.amazon.com/dp/B08P16KRQJ"
"","","B09DX3QGPT","AWTATOS Cube Storage Organizer, Shelves Bookshelf, 6 Cube Closet Organizers and Storage, DIY Stackable Plastic Clothes Organizer Shelving for Bedroom, Home Office, White","AWTATOS","$29.99","2,963","100","$88,860","08/28/2021","$17.56","4.5","1,465","$12.43","7,864","6","FBA","2","Home & Kitchen","Standard","3.9 x 14.9 x 12.9 in","8.8 lb","https://www.amazon.com/dp/B09DX3QGPT"
"","","B08R9P9CJL","YIHONG Clear Pantry Storage Organizer Bins, 6 Pack Plastic Storage Containers with Handle for Kitchen,Refrigerator, Freezer,Cabinet,Closet,Bathroom Under Sink Organization","YIHONG","$24.98","10,793","341","$269,609","12/27/2021","$8.87","4.6","4,196","$16.11","361","7","FBA","2","Kitchen & Dining","Oversize","12.32 x 13.62 x 8.15 in","6.131 lb","https://www.amazon.com/dp/B08R9P9CJL"
"","","B0BBV8SQNY","Amllas 8 Pack Shoe Boxes Clear Plastic Stackable, Large Shoe Storage Organizer with Lids,Drop Side Shoe Containers for Entryway,Sneaker Storage Fit up to US Size 13 for Men/Women(13x 10.6x 8.3)","Amllas","$67.99","3,681","104","$250,271","08/24/2022","","4.2","639","","7,488","7","FBA","2","Home & Kitchen","","","","https://www.amazon.com/dp/B0BBV8SQNY"
"","","B0CHDW8J4W","PRANDOM Stackable Clear Storage Bins with Lids,70 Qt Plastic Collapsible Organizer Containers Boxes with Doors for Closet Living Room Bedroom White 15x11.2x8.7 x 3-Pack","PRANDOM","$39.99","930","31","$37,191","","","4.7","73","","29,889","","FBA","","Home & Kitchen","","","","https://www.amazon.com/dp/B0CHDW8J4W"
"","","B0BFCKX3JG","Clemate STORAGE BOX, 10P Clear Polypropylene Shoe Box, Transparent Display, Stackable Design, Magnetic Door, Ventilation, 10 Pack","Clemate","$69.99","2,677","81","$187,363","09/14/2022","","4.5","1,342","","10,331","6","FBA","1","Home & Kitchen","","","","https://www.amazon.com/dp/B0BFCKX3JG"
"","","B08HHKJLK8","HOMIDEC Closet Organizer, 9-Cube Closet Organizers and Storage, Portable Closet Storage Shelves,Closet Organizer Storage Shelves, Clothes Storage Organizer for Garment Racks, Closet, Wardrobe","HOMIDEC","$33.98","4,517","161","$153,488","09/04/2020","$19.75","4.4","3,393","$14.23","4,209","6","FBA","6","Home & Kitchen","Standard","12.992 x 16.535 x 5.827 in","12.214 lb","https://www.amazon.com/dp/B08HHKJLK8"
"","","B085ZV98JM","90L Large Storage Bags, 6 Pack Clothes Storage Bins Foldable Closet Organizers Storage Containers with Durable Handle for Clothing, Blanket, Comforters, Bed Sheets, Pillows and Toys (Gray)","Budding Joy","$24.99","47,650","1,151","$1.19M","03/16/2020","$13.31","4.3","44,890","$11.68","127","6","FBA","4","Home & Kitchen","Standard","11.54 x 14.45 x 6.77 in","2.69 lb","https://www.amazon.com/dp/B085ZV98JM"
"","","B08HK9Q2JC","Closet Organizer, 12-cube Closet Organizers and Storage, Portable Closet Storage Shelves, Clothing Storage for Kids, Closet, Bedroom, Bathroom, Office (11.8x11.8x11.8 inch), Black","HOMIDEC","$39.99","2,264","76","$90,537","09/04/2020","$19.73","4.4","3,311","$20.26","11,147","6","FBA","4","Home & Kitchen","Oversize","11.8 x 11.8 x 11.8 in","14.99 lb","https://www.amazon.com/dp/B08HK9Q2JC"
"","","B092ZDHJMN","Fab totes 6 Pack Clothes Storage, Foldable Blanket Storage Bags, Storage Containers for Organizing Bedroom, Closet, Clothing, Comforter, Organization and Storage with Lids and Handle, Grey","Fab totes","$29.99","50,863","1,234","$1.53M","08/20/2021","","4.3","22,076","","109","6","FBA","9","Home & Kitchen","","","","https://www.amazon.com/dp/B092ZDHJMN"
"","","B07MZJY7DP","Simple Houseware 3-Tier Closet Storage with 2 Drawers, Beige","Simple Houseware","$24.97","1,138","42","$28,416","01/21/2019","$13.89","4.6","14,696","$11.08","21,796","5","FBA","1","Home & Kitchen","Standard","13 x 15.9 x 2.6 in","6.4 lb","https://www.amazon.com/dp/B07MZJY7DP"
"","","B07SYPLVTG","YOUDENOVA Hanging Closet Organizer and Storage, 6-Shelf Closet Hanging Storage Shelves, Grey","YOUDENOVA","$13.98","8,165","372","$114,147","06/10/2019","$6.74","4.5","12,151","$7.24","1,146","6","FBA","1","Home & Kitchen","Standard","12.2 x 12.6 x 1.6 in","1.451 lb","https://www.amazon.com/dp/B07SYPLVTG"
"","","B0BWY9RBQV","Furnulem Tall 4 Drawers Dresser, Vertical Storage Tower for Bedroom, Hallway, Entryway, Nursery, Closet Organizer, Nightstand Bedside Table Furniture, Sturdy Steel Frame, Wood Top, White","Furnulem","$59.97","13,362","395","$801,319","03/03/2023","","4.3","2,481","","1,032","7","FBA","1","Home & Kitchen","","","","https://www.amazon.com/dp/B0BWY9RBQV"
"","","B0CL9NDKLQ","AHEONLAR 4 Tier Plastic Storage Bins with Drawers - Foldable Stackable Storage Bins with Lids - Closet Craft Organizers and Storage - 24QT Plastic Drawer Storage for Bedroom Study Toy Room Office","AHEONLAR","$33.99","3,462","110","$117,673","10/17/2023","$16.15","3.9","122","$17.84","6,978","7","FBA","1","Home & Kitchen","Oversize","11.2 x 8.7 x 15.6 in","7.61 lb","https://www.amazon.com/dp/B0CL9NDKLQ"
"","","B0BGHQ8D11","Yieach 4PCS Shelf Dividers,Clear Closets Shelf and Closet Separator for Organization in Bedroom,Kitchen Cabinets Shelf Storage and Office Shelves","Yieach","$17.99","1,364","47","$24,538","12/14/2022","","4.6","325","","19,410","6","FBA","1","Home & Kitchen","","","","https://www.amazon.com/dp/B0BGHQ8D11"
"","","B0BFG36DXH","9 Cube Closet Organizers, Includes All Storage Cube Bins, Easy To Assemble Storage Unit With Drawers | Room Organizer For Clothes, Baby Closet Bedroom, Playroom, Dorm (Light Grey)","NEATERIZE","$59.96","4,552","136","$272,938","09/14/2022","","3.9","9,388","","5,287","7","FBA","2","Home & Kitchen","","","","https://www.amazon.com/dp/B0BFG36DXH"
"","","B01LWP8AL2","Amazon Basics 3-Shelf Narrow Adjustable, Heavy Duty Storage Shelving Unit (250 lbs loading capacity per shelf), Steel Organizer Wire Rack, Black, 23.2'L x 13.4'W x 30'H","Amazon Basics","$35.94","","","","03/01/2020","$17.43","4.6","223,781","$18.51","74","7","AMZ","8","Our Brands","Oversize","14.21 x 23.86 x 4.49 in","11.2 lb","https://www.amazon.com/dp/B01LWP8AL2"
"","","B0BR7MSWN2","homsorout Trapezoid Storage Bins, Foldable Closet Organization , Closet Storage Organizer for Shelves, Linen Closet Organizers and Storage for Toy, Clothes, 6 Packs (Blended)","homsorout","$39.99","1,549","44","$61,945","12/27/2022","","4.6","342","","20,445","6","FBA","1","Home & Kitchen","","","","https://www.amazon.com/dp/B0BR7MSWN2"
"","","B074NH61RT","Furinno Luder Bookcase / Book / Storage , 5-Cube, White","Furinno","$30.42","39,604","1,387","$1.20M","08/07/2017","$8.94","4.2","85,411","$21.48","84","5","AMZ","20","Home & Kitchen","Oversize","12.205 x 34.646 x 3.74 in","21.958 lb","https://www.amazon.com/dp/B074NH61RT"
"","","B0BWJVWV9X","Closet Organizers and Storage 8.5 Gal, Storage Bins with Lids 4 Pack, Stackable Collapsible Storage Bins, Storage Cabinet with Wheels, Plastic Foldable Folding Box for Home, Dorm Room Essentials","Idle Way","$119.99","1,228","53","$147,348","02/21/2023","","4.7","628","","16,722","7","FBA","4","Home & Kitchen","","","","https://www.amazon.com/dp/B0BWJVWV9X"
"","","B09WVCLZNS","12-Pack-Closet-Organizers-and-Storage,Closet-Organizer-Hanger for Heavy Clothes,Sturdy Closet-Organization-and-Storage-Hangers-Space-Saving for Wardrobe,Dorm-Room-Essentials for College Students Girls","HZZILEY","$13.99","2,702","66","$37,801","03/29/2022","$7.37","4.3","2,420","$6.62","13,064","7","FBA","8","Home & Kitchen","Standard","5.31 x 9.21 x 2.24 in","0.93 lb","https://www.amazon.com/dp/B09WVCLZNS"
"","","B0CGZH5YDV","WLIVE Fabric Dresser, 5-Drawer Tall Dresser for Bedroom, Storage Dresser Organizer with Fabric Bins, Wood Top, Sturdy Steel Frame, Chest of Drawers for Closet, Hallway, Charcoal Black","WLIVE","$59.99","2,730","91","$163,773","12/28/2023","","4.7","46","","8,904","","FBA","1","Home & Kitchen","","","","https://www.amazon.com/dp/B0CGZH5YDV"
"","","B0BZCYGGP2","Storage Bins with Lids,78 Quart Plastic Bins with Lids,Large Closet Organizers, 3 Packs Collapsible Storage Bins with Wheels,Double Door Stackable Bins for Clothes,Home","KHNR","$86.18","3,694","110","$318,349","05/05/2023","","4.4","368","","7,004","7","FBA","6","Home & Kitchen","","","","https://www.amazon.com/dp/B0BZCYGGP2"
"","","B0BQRGJTQC","Utopia Home Over The Door Organizer 4 Shelf Hanging Closet Organizers and Storage Organizer for Closet, RV Baby Kids Closet Door Organizers for Storage, Nursery, Bedroom (Grey)","Utopia Home","$8.99","2,013","86","$18,097","12/21/2022","","4.6","25","","9,486","6","FBA","1","Home & Kitchen","","","","https://www.amazon.com/dp/B0BQRGJTQC"
"","","B07SFZLWHC","Amazon Basics Fabric 5-Drawer Storage Organizer Unit for Closet, Black","Amazon Basics","$69.34","","","","10/23/2019","$41.26","4.6","3,194","$28.08","4,532","6","AMZ","7","Our Brands","Oversize","14.173 x 33.701 x 6.929 in","22.619 lb","https://www.amazon.com/dp/B07SFZLWHC"
"","","B08HHKFPMD","HOMIDEC 6-Cube Storage Organizer, Closet Organizer Storage Cabinet Shelf Bookcase Bookshelf,Storage Cubes Organizer Cabinet for Kids,Closet, Bedroom,Bathroom","HOMIDEC","$24.98","6,530","182","$163,119","09/04/2020","$13.30","4.3","6,486","$11.68","3,517","7","FBA","6","Home & Kitchen","Standard","12.913 x 16.299 x 4.095 in","8.907 lb","https://www.amazon.com/dp/B08HHKFPMD"
"","","B0CMV41N8D","2 Pack Over Door Organizer, Behind Door Hanging Organizer with Clear Window 4 Large Capacity Pockets, Foldable Over The Door Storage Organizer for Bedroom Nursery Kids Toys","Wakaye","$33.99","2,340","92","$79,537","01/03/2024","","4.5","856","","8,720","7","FBA","1","Home & Kitchen","","","","https://www.amazon.com/dp/B0CMV41N8D"
"","","B0C2Q1NPN1","Ulif E1 Heavy Duty Clothes Rack, 6 Tiers Metal Freestanding Garment Rack, Expandable Closet Organizers and Storage with 4 Hanging Rods, Easy to Assemble, 71.4' H x (70.8' - 86.6') W x 14' D, White","Ulif","$129.99","928","21","$120,631","04/16/2023","","4.6","389","","45,335","6","FBA","1","Home & Kitchen","","","","https://www.amazon.com/dp/B0C2Q1NPN1"
"","","B0822DVGXQ","WLIVE Fabric Dresser for Bedroom, 6 Drawer Double Dresser, Storage Tower with Fabric Bins, Chest of Drawers for Closet, Living Room, Hallway, Dark Grey","WLIVE","$52.99","3,134","119","$166,071","12/02/2019","$26.60","4.5","5,159","$26.39","6,339","6","FBA","1","Home & Kitchen","Oversize","14.5 x 35 x 7 in","21.799 lb","https://www.amazon.com/dp/B0822DVGXQ"
"","","B0BN5K9B2T","LANTEFUL 10 Tiers Tall Shoe Rack 20-25 Pairs Boots Organizer Storage Sturdy Narrow Shoe Shelf for Entryway, Closets with Hooks, Black","LANTEFUL","$22.99","6,073","136","$139,618","11/22/2022","","4.5","1,448","","5,313","7","FBA","1","Home & Kitchen","","","","https://www.amazon.com/dp/B0BN5K9B2T"
"","","B0BJ278HTB","GRANNY SAYS Hanging Closet Organizer 6 Shelves, Closet Organization and Storage with 5 Different Drawers, 6 Side Pockets Wardrobe Clothes Organizer for Closet, Gray, 1-Pack","GRANNY SAYS","$30.99","2,005","54","$62,135","10/12/2022","","4.5","648","","16,514","7","FBA","1","Home & Kitchen","","","","https://www.amazon.com/dp/B0BJ278HTB"
"","","B0B67PCFLQ","23Qt Plastic Storage Bins Organizer 3 Tier, Stackable Storage Boxes with Lids, Storage Containers for Bedroom Living Room Kitchen Study Office, Folding Storage Boxes","CTSNSLH","$32.99","7,890","114","$260,291","08/24/2022","","4.5","1,917","","6,694","7","FBA","11","Home & Kitchen","","","","https://www.amazon.com/dp/B0B67PCFLQ"
"","","B0CD7F5HGK","HoneySky 8.5 Gallon Storage Bins with Lids and Wheels, Stackable & Collapsible Closet Organizers and Storage, Foldable Storage Containers Plastic Shelves for Clothes Shoe Book, White, 4 Pack","HoneySky","$129.99","628","27","$81,634","07/30/2023","","4.4","68","","34,136","7","FBA","3","Home & Kitchen","","","","https://www.amazon.com/dp/B0CD7F5HGK"
"","","B0BJ71QFLB","WLIVE Dresser with 4 Drawers, Storage Tower, Organizer Unit, Fabric Dresser for Bedroom, Hallway, Entryway, Closets, Sturdy Steel Frame, Wood Top, Easy Pull Handle, White","WLIVE","$46.99","5,069","171","$238,192","10/20/2018","","4.5","4,564","","3,837","6","FBA","2","Home & Kitchen","","","","https://www.amazon.com/dp/B0BJ71QFLB"
"","","B08PV63DM6","ACCSTORE Portable Wardrobe Clothing Wardrobe Shelves Clothes Storage Organiser with 4 Hanging Rail,Black","ACCSTORE","$49.99","720","24","$35,993","12/06/2020","$29.90","3.7","790","$20.09","38,565","6","FBA","3","Home & Kitchen","Oversize","14.409 x 24.488 x 4.173 in","9.436 lb","https://www.amazon.com/dp/B08PV63DM6"
"","","B09BC5SBH9","LOKEME Portable Closet, 67 Inch Wardrobe Closet for Hanging Clothes with 4 Hanging Rods, 25mm Steel Tube Clothes Storage Organizer for Extra Sturdy, Quick and Easy to Assembly, Gray Cover","LOKEME","$79.99","2,046","44","$163,660","07/10/2021","$-28.44","4.3","2,444","$108.43","20,917","7","FBA","1","Home & Kitchen","Oversize","17.7 x 69 x 67 in","20.4 lb","https://www.amazon.com/dp/B09BC5SBH9"
"","","B0BQ3H7PT8","Clear Storage Bin with Lid 3 Pack 【Stackable & Sturdy】Plastic Bins for Storage, Multifunctional Folding Storage Bins for Bedroom, Living Room, Study, Toy Room, 24 QT Folding Box with Magnetic door","Kmiectse","$39.99","3,499","60","$139,925","12/28/2022","$16.54","4.7","888","$23.45","14,494","7","FBA","4","Home & Kitchen","Oversize","11.02 x 8.66 x 14.96 in","4.72 kg","https://www.amazon.com/dp/B0BQ3H7PT8"
"","","B08HK98N35","Closet Organizers and Storage 162L Closet Organizer 6 Cube Closet Shelves with Hook for Handing Storage Shelves for Storage Bins for Closet Storage","HOMIDEC","$24.99","850","28","$21,242","09/04/2020","$13.31","4.3","509","$11.68","32,801","7","FBA","2","Home & Kitchen","Standard","12.795 x 16.102 x 4.213 in","8.821 lb","https://www.amazon.com/dp/B08HK98N35"
"","","B0CJ5314QN","Homsorout Storage Bins with Lids, Fabric Storage Bins with Handles, Storage Boxes with Window, Closet Organizers and Storage for Clothes, Books, Towels (Grey, Set of 4)","Homsorout","$31.99","655","12","$20,953","09/14/2023","","4.6","42","","75,379","6","FBA","1","Home & Kitchen","","","","https://www.amazon.com/dp/B0CJ5314QN"
"","","B09NS9QTH2","Pinkpum Shoe Storage Boxes, Shoe Organizer for Closet Clear, Shoe Boxes Clear Plastic Stackable, Folable Storage Bins with Lids, 12 Pack Sneaker Storage Box Shoe Rack Containers Bins Holders Cabinet","Pinkpum","$36.99","5,316","151","$196,639","12/17/2021","$23.81","4.1","9,093","$13.18","4,590","6","FBA","6","Home & Kitchen","Standard","13.622 x 14.882 x 5 in","6.385 lb","https://www.amazon.com/dp/B09NS9QTH2"
"","","B0CGJJJC4M","SNSLXH Stackable Closet Storage Basket 4 Pack, Multifunctional & Foldable Closet Organizer for Bathroom Kitchen Laundry Room Wardrobe Storage, Space-Saving Clothes Storage Drawer Organizer, White","SNSLXH","$28.99","320","21","$9,277","08/23/2023","$-1.78","4.5","41","$30.77","44,663","7","FBA","1","Home & Kitchen","Oversize","13.2 x 28.74 x 16.93 in","8.49 lb","https://www.amazon.com/dp/B0CGJJJC4M"
"","","B0BZ43LTJT","ROJASOP Shoe Rack Organizer, 8-Tier Metal Shoe Rack for Closet Entryway Garage, 26-32 Pairs Tall Shoe Boot Storage Shelf with 15 Hooks, Stackable Large Shoe Stand","ROJASOP","$29.99","3,281","79","$98,397","03/20/2023","","4.4","530","","10,601","7","FBA","1","Home & Kitchen","","","","https://www.amazon.com/dp/B0BZ43LTJT"
"","","B09L4R5T55","ULG 1 Pack Over Door Organizer with 5 Large Pockets 10 Mesh Side Pockets, 44 lbs Weight Capacity Hanging Storage Organizer with Clear Window Kids Toys, Shoes, Diapers, Dark Grey, 5 Layers","ULG","$26.17","8,311","263","$217,499","11/04/2021","$15.81","4.8","2,721","$10.36","2,021","7","FBA","2","Home & Kitchen","Standard","10.04 x 16.02 x 2.64 in","3.241 lb","https://www.amazon.com/dp/B09L4R5T55"
"","","B09CTHYG3Z","VIPEK V5 Portable Closet Wardrobe Heavy Duty Clothes Rack, Freestanding Clothing Rack with 4 Hang Rods & 8 Shelves, Adjustable Closet Rack, 68.9' L x 15.7' W x 76.4' H, Max Load 890LBS, Black","VIPEK","$139.99","3,797","121","$531,542","08/16/2021","$12.29","4.7","2,971","$127.70","6,152","6","FBA","1","Home & Kitchen","Oversize","15.7 x 76.4 x 68.9 in","33.1 lb","https://www.amazon.com/dp/B09CTHYG3Z"
"","","B0C49M439F","6 Pack Closet Storage Bins for Shelves, Shelf Baskets for Organization, Closet Organizers and Storage, Trapezoid Storage Bin Closet Shelf Organizer for Clothes,Toy,Towel,Book,Baby Clothing (6PC-Gray)","Fordonral","$29.99","585","22","$17,544","05/03/2023","$17.26","4.4","49","$12.73","41,972","7","FBA","2","Home & Kitchen","Standard","11.4 x 7.9 x 15 in","4.65 lb","https://www.amazon.com/dp/B0C49M439F"