"Export time:  1/29/2024, 5:23:38 PM","","ASIN","Product Name","Brand","Price","Monthly Units Sold","Daily Units Sold","Monthly Revenue","Date First Available","Net Revenue","Star Rating","Reviews","Amazon Fees","BSR","LQS","Seller Type","Sellers","Category","Product Tier","Dimensions","Weight","Link"
"","","B01767EKXC","SallyFashion 100pcs Kraft Paper Gift Tags with String, Blank Gift Bags Tags Price Tags(Brown)","SallyFashion","$4.99","6,089","200","$30,384","10/25/2015","$1.67","4.8","10,396","$3.32","4,579","6","FBA","2","Health & Household","Standard","5.06 x 0.61 x 6.48 in","3.52 oz","https://www.amazon.com/dp/B01767EKXC"
"wood name tags","","B0C6MBN4BT","Paper Tags with Wire Ties - 2 3/4' x 1 3/8' Shipping Tags, Blank 13pt Label Tags with Reinforced Eyelet, Manila Tags with Metal Wire Pack of 200","BS ONE","$21.99","88","2","$1,935","05/29/2023","$14.92","4.7","17","$7.07","95,998","6","FBA","1","Office Products","Standard","5.98 x 3.27 x 5.98 in","9.6 oz","https://www.amazon.com/dp/B0C6MBN4BT"
"Average Monthly Sales: 414","","B097N7VY55","Name Tag Blank Name Badges 1 x 3 Inch DIY Blank ID Name Badge with Pin Backing for Office Workers Students, Personalized Badges Making (50 Pieces)","TecUnite","$15.99","361","14","$5,772","06/20/2021","$9.82","4.4","301","$6.17","17,112","6","FBA","1","Office Products","Standard","8.03 x 0.83 x 8.07 in","7 oz","https://www.amazon.com/dp/B097N7VY55"
"Average Revenue: $4,643","","B016AW5LW8","Name Tag/Badge Blanks - 25 Pack - Brushed Gold 1' X 3', Round Corners, Magnetic Backing","All Quality","$29.99","728","17","$21,833","10/06/2015","$21.95","4.6","1,032","$8.04","14,458","3","FBA","1","Office Products","Standard","4.76 x 1.14 x 5.39 in","5 oz","https://www.amazon.com/dp/B016AW5LW8"
"Average Price: $16.03","","B0CCPC9HRY","Lyrow 48 Pcs Christmas Stocking Name Tags Xmas Wooden Name Tags Red Black Buffalo Plaid Wood Stocking Tags Rustic Christmas Decorative Hanging Ornaments with Beads Bows for DIY Christmas Tree Decor","Lyrow","$16.99","","","$0.00","09/28/2023","","4.7","5","","1,471,155","7","FBA","1","Home & Kitchen","","","","https://www.amazon.com/dp/B0CCPC9HRY"
"Average No. of Ratings: 513","","B0B7J8869D","60 Pieces Christmas Wooden Tag Label Xmas Tree Ornament Christmas Rustic Wooden Tag Noel Faith Hope Love Tag Farmhouse Vintage Hanging Tag with Rope for Christmas Tree Stocking Decoration (Brown)","Bucherry","$8.99","","","","","","4.2","21","","1,023,844","","FBA","","Home & Kitchen","","","","https://www.amazon.com/dp/B0B7J8869D"
"Average Sales Rank: 509,191","","B0BCG1M6MH","Junkin 48 Pieces Christmas Stocking Name Tags Bulk Wood DIY Stocking Signs Farmhouse Xmas Stocking Tag with Bows and Beads Christmas Ornaments for Christmas Stockings Decoration","Junkin","$12.99","","","$0.00","","","3.9","8","","1,524,640","","FBA","1","Home & Kitchen","","","","https://www.amazon.com/dp/B0BCG1M6MH"
"Average Rating Number: 4.4","","B09LRVWT9M","TFoRibbon Blank Wooden Key Tag Key Chain Rectangle Wood Engraving Blanks 20 Pack","TFoRibbon","$12.89","136","8","$1,753","11/12/2021","$7.19","4.7","197","$5.70","18,268","","FBA","1","Arts, Crafts & Sewing","Standard","4.37 x 1.97 x 6.46 in","8.8 oz","https://www.amazon.com/dp/B09LRVWT9M"
"","","B0CB4V1C57","Handmade Vintage Deckle Edge Tags with String - 3.75 x 1.75 Only - Pack of 25 - Ideal for Gift Tags, Price Tags, Arts & Crafts, Place Cards, Name Cards - Thick 150 GSM","WANDERINGS","$17.99","129","4","$2,321","04/05/2023","","5","2","","54,159","7","FBA","1","Office Products","","","","https://www.amazon.com/dp/B0CB4V1C57"
"","","B09JS4GBH3","Christmas Wood Stocking Name Tags DIY Stocking Signs Farmhouse Christmas Stocking Tag with Buffalo Check Bows for Christmas Closet Christmas Stockings Decoration (Natural Color,6 Pieces)","Jetec","$11.95","90","3","$1,076","10/19/2021","$7.38","4.7","364","$4.57","292,848","6","FBA","1","Home & Kitchen","Standard","4.724 x 0.63 x 7.087 in","0.214 lb","https://www.amazon.com/dp/B09JS4GBH3"
"","","B09NNK5MFB","200 Pcs Kraft Paper Gift Tags with String 4.7 x 2.4 Inch Cardboard Price Tag Name Tag Vintage Wedding Hang Brown Tags with 131 ft Twine Blank Gift Tag for Art and Craft Thanksgiving Christmas","Gersoniel","$13.99","112","3","$1,567","12/14/2021","$7.37","4.8","37","$6.62","48,852","7","FBA","1","Arts, Crafts & Sewing","Standard","5.04 x 2.4 x 5.24 in","14.4 oz","https://www.amazon.com/dp/B09NNK5MFB"
"","","B09F2W4WQD","Piutouyar 24Pcs Tag Label Holder Antique Label Holder 80mm x 50mm Metal Name Card Frame for Library Drawer Tags Office Cabinet Card Tag with Screws (Black)","Piutouyar","$8.99","30","1","$269.70","08/30/2021","","4.3","17","","155,355","7","FBA","1","Office Products","","4.724 x 1.378 x 7.087 in","0.551 lb","https://www.amazon.com/dp/B09F2W4WQD"
"","","B0CH8K1MCG","Name Plate Engraving Blanks - 2' x 8' (10 Pack), White","All Quality","$15.99","60","2","$959.40","12/20/2023","","4.3","121","","95,074","","FBA","1","Office Products","","","","https://www.amazon.com/dp/B0CH8K1MCG"
"","","B0CCYNHZNC","12 Pieces Christmas Stocking Name Tag Wood Stocking Tags Wood Tags Dog Stocking Tags with Buffalo Plaid Bows and 4 Letter Stickers for Christmas Holiday Decoration (Classic Colors,Trapezoid)","Jetec","$9.99","30","1","$299.70","07/26/2023","$4.87","4.6","119","$5.12","164,895","7","FBA","1","Office Products","Standard","5.51 x 1.73 x 9.57 in","7.4 oz","https://www.amazon.com/dp/B0CCYNHZNC"
"","","B0CJ4SMXBC","Christmas Stocking Name Tags, 12 Pcs Stocking Tags, Wooden Tags for Christmas Stockings Suitable for Home Farmhouse Decor","ZeanSciulpt","$8.99","","","$0.00","10/04/2023","$4.10","5","13","$4.89","1,045,153","7","FBA","1","Home & Kitchen","Standard","5.12 x 0.94 x 6.3 in","5.6 oz","https://www.amazon.com/dp/B0CJ4SMXBC"
"","","B0CDBW67VF","Vicenpal 12 Set Christmas Stocking Name Tags Xmas DIY Wooden Name Signs Includes Tags Wood Beads and Bow Christmas Ornaments for Christmas Stockings Home Farmhouse Decor (Snowflake)","Vicenpal","$15.99","","","$18,277","07/31/2023","","4.6","35","","906,350","7","FBA","1","Home & Kitchen","","","","https://www.amazon.com/dp/B0CDBW67VF"
"","","B0CJ4VG739","Wesiti 6 Pcs Wooden Name Badge Holder, ID Badge Tray Organizer Name Tag Holders Note Card Organizer Plate Table Name Holders Sign Decor for Office School Business, 23.62 x 3.5 x 0.75 Inch (Wood Color)","Wesiti","$63.99","75","4","$4,799","09/14/2023","$43.93","5","1","$20.06","57,537","7","FBA","1","Office Products","Oversize","8 x 2.9 x 24 in","3.79 lb","https://www.amazon.com/dp/B0CJ4VG739"
"","","B07VPCLHSS","Mini Chalkboard Signs, 20 Pack Small Chalkboard Labels Table Signs with Easel Stand, Wooden Blackboards for Table Display, Place Cards, Food Labels, Weddings Decoration","ONUPGO","$12.99","131","4","$1,702","07/22/2019","$8.27","4.7","1,227","$4.72","218,412","7","FBA","1","Home & Kitchen","Standard","3.15 x 0.39 x 3.94 in","10.8 oz","https://www.amazon.com/dp/B07VPCLHSS"
"","","B0CBJFFWM8","Therwen 30 Pcs Name Plates Laser Engraved Brushed Solid Brass Plate Personalized Plaque Blank Custom Name Tag Frame Name Label with Adhesive Backing for DIY (Multi Shape,1''x 3'')","Therwen","$20.99","564","15","$11,838","07/09/2023","$14.77","4.2","57","$6.22","16,345","6","FBA","1","Office Products","Standard","3.46 x 0.71 x 4.84 in","7.8 oz","https://www.amazon.com/dp/B0CBJFFWM8"
"","","B07RMJZJ51","ExcelMark Blank Name Tag/Badge with Magnetic Backing - 1' x 3' (25 Pack - Gold)","ExcelMark","$30.99","224","7","$6,942","10/09/2017","$21.82","4.5","597","$9.17","33,095","5","FBA","1","Office Products","Standard","3.19 x 1.14 x 5.94 in","12.3 oz","https://www.amazon.com/dp/B07RMJZJ51"
"","","B098XWPP2M","100 Pack of Magnetic Name Badge Holder Kit with Paper Inserts - 4x3 Horizontal ID Card Name Tag for Conventions/Exhibitors/Events- Can Be Use as Vaccine Card Holder for CDC Immunization Record","Performore","$66.99","191","3","$12,795","01/31/2018","$51.15","4.2","80","$15.84","75,164","7","FBA","1","Office Products","Standard","9.2 x 2.2 x 12.5 in","2.87 lb","https://www.amazon.com/dp/B098XWPP2M"
"","","B0BDYWMQGF","XIMISHOP 24pcs Christmas Stocking Name Tags,Personalized Stocking Wood Tags with Wood Beads Buffalo Check Bows Blank Rustic Farmhouse Hanging Tag for Christmas Stocking Accessories Tree Decor","XIMISHOP","$7.99","30","1","$239.70","10/20/2022","","4.1","48","","440,582","6","FBA","1","Home & Kitchen","","","","https://www.amazon.com/dp/B0BDYWMQGF"
"","","B0CMJH8QPW","Engraved Christmas Stocking Tags | Stocking Name Tags | Personalized Stocking Tags | Family Stockings | Name Tags Wooden | Stocking Gift Tag","Obsidian Home Creations","$12.99","","","","11/21/2020","$7.50","4","2","$5.49","63,008","6","FBM","1","Handmade Products","Standard","4 x 1 x 5 in","4 oz","https://www.amazon.com/dp/B0CMJH8QPW"
"","","B0CJ6NFJ87","Vellibring 18PCS Christmas Wooden Name Tags,Christmas Stocking Hanging Tag with Hollow Snowflake Tags Buffalo Plaid Bows Snowman Wooden Beads Ornament Signs for Christmas Stockings Tree Home Decor","Vellibring","$16.99","","","$0.00","09/15/2023","$10.67","4.4","25","$6.32","992,682","6","FBA","1","Home & Kitchen","Standard","4.45 x 2.56 x 8.15 in","8.1 oz","https://www.amazon.com/dp/B0CJ6NFJ87"
"","","B0B6W6JZDV","24 Pieces Christmas Wood Stocking Name Tags Buffalo Plaid Row Stocking Tags with Rope and Wooden Beads Mini Hanging Chalkboard Tags for Xmas Home (4.7 x 1 Inch, Black Card Red Black Plaid Bow)","Queekay","$12.99","18","","$233.82","09/03/2021","$7.27","4.7","128","$5.72","193,452","7","FBA","1","Office Products","Standard","5.63 x 1.65 x 7.91 in","8.4 oz","https://www.amazon.com/dp/B0B6W6JZDV"
"","","B07T486VHV","40 Pieces Mini Chalkboard Tags Wooden Stocking Name Tags Double Sided Erasable Hanging Board Labels with String Twine for Kids DIY Craft Supplies Baskets Storage Bins Price Tag Supplies (Black)","Outus","$11.99","47","1","$563.53","06/17/2019","$6.65","4.7","506","$5.34","144,419","6","FBA","1","Office Products","Standard","4.8 x 2.36 x 5.67 in","4.9 oz","https://www.amazon.com/dp/B07T486VHV"
"","","B0CLLCGM3M","mdgfge Christmas Stocking Name Tags Wooden DIY Stocking Signs Wood Tags Farmhouse Christmas for Christmas Family Party Decoration(10 Pcs)","mdgfge","$9.99","","","$0.00","10/22/2023","","","","","2,242,469","7","FBA","1","Home & Kitchen","","","","https://www.amazon.com/dp/B0CLLCGM3M"
"","","B0CGDM41BN","12Set 72PCS Christmas Wood Stocking Name Tags Personalized Stocking Tags Farmhouse Christmas Stocking Tags Xmas Stocking Hanging Tags Including 12 Chalkboard Tags 12 Ropes 12 Bows and 36 Wooden Beads","Emsiok","$8.89","30","","$266.70","08/10/2022","$4.02","4.4","12","$4.87","1,163,014","6","FBA","1","Home & Kitchen","Standard","6.5 x 2.01 x 7.09 in","4.2 oz","https://www.amazon.com/dp/B0CGDM41BN"
"","","B0CFLCLCFC","16 Pcs Christmas Stocking Wood Tags with 4 Sheets Adhesive Letter Stickers Christmas Stocking Name Tags with Buffalo Plaid Row and Beads Chalkboard Labels (Light Brown with Black and White Bow)","Sawysine","$11.99","15","","$179.85","08/13/2023","$6.42","4.6","23","$5.57","911,712","7","FBA","1","Home & Kitchen","Standard","8.7 x 0.83 x 10.98 in","6.7 oz","https://www.amazon.com/dp/B0CFLCLCFC"
"","","B09NN9G554","Honbay 30PCS Blank Wooden Keychain Tags Pendant Bamboo Rectangle Gift Tags Name Tags Keychain Hanging Labels for Arts Crafts Home Decoration","HONBAY","$7.99","","","$0.00","12/14/2021","$3.87","4.4","5","$4.12","267,927","6","FBA","1","Office Products","Standard","4.528 x 0.63 x 6.299 in","0.19 lb","https://www.amazon.com/dp/B09NN9G554"
"","","B0CC57Y8HZ","Hiboom 48 Pcs Christmas Stocking Name Tags Wooden Xmas Stocking Hanging Tags with Rope and Beads Wood Stocking Tags Hanging Plaid Row Stocking Tags for Christmas Ornament Decoration","Hiboom","$16.99","","","$254.85","07/17/2023","$9.92","5","4","$7.07","1,482,465","6","FBA","1","Home & Kitchen","Standard","6.38 x 2.09 x 10.08 in","13.2 oz","https://www.amazon.com/dp/B0CC57Y8HZ"
"","","B07V6T6TC7","LASSUM 50 Pcs Wooden Rectangle Shape Slices with 6.6FT Jute Ropes, 35 mm Blank Name Tags Wood Labels for DIY Wedding Dcor, DIY Arts Crafts Card, Making Ornaments","LASSUM","$7.96","","","$0.00","07/10/2019","$3.23","4.4","31","$4.73","331,093","7","FBA","1","Arts, Crafts & Sewing","Standard","3 x 5.4 x 1.2 in","0.15 lb","https://www.amazon.com/dp/B07V6T6TC7"
"","","B09M943F2L","Christmas Cutout Stocking Name Tags. Personalized Stocking Tags. Wood Letters Custom Name Family Pet Tags. Laser Floating Tags","Generic","$12.50","","","","11/18/2021","","3","7","","100,808","6","FBM","1","Handmade Products","","","","https://www.amazon.com/dp/B09M943F2L"
"","","1483844161","Schoolgirl Style Industrial Chic 40 pc. Farmhouse Name Tags, Chalkboard, Burlap, Wood Grain Name Tag Stickers for Cubby, Locker & Desk Name Tags, Modern Farmhouse Name Tags for Classroom","Schoolgirl Style","$4.99","201","7","$1,003","11/08/2017","$1.32","4.7","1,009","$3.67","30,937","6","AMZ","5","Office Products","Standard","3.1 x 0.25 x 4.3 in","1.47 oz","https://www.amazon.com/dp/1483844161"
"","","B097DDQVQB","4 Pieces Christmas Wood Stocking Name Tags Wood Present Tag with Buffalo Bowknot and Wooden Beads Christmas Tree Blank Hanging Ornament for Christmas Party Present Decor (Red and Black, Red and White)","Maitys","$7.99","","","$0.00","06/16/2021","$3.87","4.6","32","$4.12","1,289,522","7","FBA","1","Home & Kitchen","Standard","3.937 x 0.394 x 5.118 in","0.057 lb","https://www.amazon.com/dp/B097DDQVQB"
"","","B0BLMYF3N2","Wooden Name Badge Holder 15.35 x 11 x 0.3 inches ID Badge Tray Organizer Wood Name Tag Holders ID Tag Holder Name Badge Organizer for Office School Business Sign Tag ID Card Decor Supplies (Burlywood)","Geyee","$14.99","45","3","$674.55","11/06/2022","$8.97","3.7","7","$6.02","72,241","6","FBA","1","Office Products","Standard","11.93 x 0.98 x 15.47 in","10.5 oz","https://www.amazon.com/dp/B0BLMYF3N2"
"","","B07VM8QWZ8","100pcs Wooden Tags, 2.6 x 0.5inch Nature Color Wood Gift Tag Natural Rustic Wood Craft Labels Home DIY Supplies for Wine Decor Weddings Decoration","HEEPDD","$14.17","20","","$283.40","07/22/2019","$8.50","4.6","14","$5.67","239,316","7","FBA","2","Arts, Crafts & Sewing","Standard","4.65 x 5.2 x 2.8 in","0.221 lb","https://www.amazon.com/dp/B07VM8QWZ8"
"","","B0C379P7K2","Wesiti 4 Pcs Wooden Name Badge Holder ID Badge Tray Organizer ID Tag Name Badge Plate ID Card Sign Decor for Office School Business (Burlywood, 23.6 x 3.5 x 0.8 Inches)","Wesiti","$51.99","60","2","$3,119","","","4.7","4","","79,873","","FBA","","Office Products","","","","https://www.amazon.com/dp/B0C379P7K2"
"","","B0CHDY54RR","52 Pcs Christmas Stocking Letters Tags Personalized Wooden Alphabet Letters Decorative Red and Black Plaid Wood Letter Signs Cutouts for DIY Crafts, Name Tags, Gift Tags, Christmas Ornaments, Sign","AWIZOM","$11.99","","","$0.00","09/05/2023","$6.80","4.2","3","$5.19","1,566,093","7","FBA","1","Home & Kitchen","Standard","6 x 1 x 6 in","1.6 oz","https://www.amazon.com/dp/B0CHDY54RR"
"","","B0BCHRNGP2","Self-Adhesive Label Holders Shelf Tag 3 x 1 Inch Self Stick Index Card Pockets Clear Plastic Shelf Tag Long Side Open Price Tag for Supermarket Bookshelf Mailbox Business Library Students (100 Pcs)","Meanplan","$9.99","255","12","$2,547","08/30/2022","$5.57","4.6","69","$4.42","20,558","7","FBA","1","Office Products","Standard","4.96 x 0.28 x 8.07 in","3.34 oz","https://www.amazon.com/dp/B0BCHRNGP2"
"","","B09KXXZP44","Magnetic Name Tags Kit Acrylic Name Badge Holders Clear Label Holders with Blank Markable Paper Inserts Name Badge Magnets Magnetic Name Badge Holder Custom Name Tag for School Office (20 Pieces)","Gersoniel","$19.99","175","4","$3,498","11/02/2021","$13.40","4.2","169","$6.59","48,279","7","FBA","2","Office Products","Standard","1.18 x 0.01 x 2.95 in","15.5 oz","https://www.amazon.com/dp/B09KXXZP44"
"","","B0CDPTWZJB","Whaline 101Pcs Pencil Flip Name Sticks with Carton Pencil Talking Flip Name Sticks Teacher Student Grouping Tally Sticks Pencil Name Tags for Home Classroom Educational Learning Activities Supplies","Whaline","$17.99","40","1","$719.60","08/03/2023","$10.77","4.6","6","$7.22","108,241","7","FBA","1","Office Products","Standard","8.27 x 2.17 x 9.17 in","13.1 oz","https://www.amazon.com/dp/B0CDPTWZJB"
"","","B01FEA24L8","Custom Engraved Name Tag Badges  Personalized Identification with Pin or Magnetic Backing, 1 Inch x 3 Inches, European Gold/Black","Providence Engraving","$7.95","4,461","158","$35,465","05/09/2016","","4.7","9,871","","1,204","6","FBM","1","Office Products","","1 x 0.06 x 3 in","","https://www.amazon.com/dp/B01FEA24L8"
"","","B0CGZDNYJT","Custom Christmas Stocking Name Tags - Personalized Wooden Name Tags for Christmas Stockings, Xmas Ornaments in White and Gold, Ideal Tags Sign for Gift Giving","Amorita","$5.99","15","","$89.85","09/08/2023","$2.17","3","23","$3.82","868,704","6","FBA","1","Home & Kitchen","Standard","3 x 0.1 x 8 in","1.13 oz","https://www.amazon.com/dp/B0CGZDNYJT"
"","","B0CC15JKC6","12 Set Christmas Wood Stocking Name Tags Including Buffalo Check Bows Christmas Snowman Wooden Bead DIY Stocking Signs Farmhouse Christmas Stocking Tag Ornaments for Christmas Holiday Decor (Brown)","Vicenpal","$7.59","","","$0.00","07/16/2023","$2.17","4.8","6","$5.42","1,128,876","7","FBA","1","Home & Kitchen","Standard","5.16 x 0.83 x 12.56 in","6.7 oz","https://www.amazon.com/dp/B0CC15JKC6"
"","","B088FLL7TK","Wood Name Tags Fancy Labels Perforated Roll Tag for Classroom School Office Home Mailing","FANCY LAND","$7.99","10","","$79.90","05/10/2020","$3.25","4.8","227","$4.74","208,956","6","FBA","1","Office Products","Standard","2.72 x 2.4 x 4.17 in","3.17 oz","https://www.amazon.com/dp/B088FLL7TK"
"","","B0CGRR9FJV","WOXBITA Christmas Stocking Name Tags,Personalized Wooden Name Tags for Christmas Stockings Decorations Christmas Tree Hanging Ornaments DIY Handmade 12PCS","WOXBITA","$11.91","30","1","$357.30","08/27/2023","$7.21","4.5","14","$4.70","680,838","6","FBA","3","Home & Kitchen","Standard","3.2 x 0.1 x 3.2 in","4.2 oz","https://www.amazon.com/dp/B0CGRR9FJV"
"","","B0CMJKC3JN","Small Christmas Stocking Tags | Engraved Stocking Name Tags | Personalized Stocking Tags | Family Name Tags Wooden | Stocking Gift Tag","Obsidian Home Creations","$9.99","","","","11/21/2020","$4.95","5","6","$5.04","56,021","6","FBM","1","Handmade Products","Standard","4 x 1 x 5 in","4 oz","https://www.amazon.com/dp/B0CMJKC3JN"
"","","B0B816C58R","Vicenpal 6 Pieces Christmas Wood Stocking Name Tags Classic Wooden DIY Sign with Buffalo Plaid Bows Beads Xmas for Stockings Ornaments, Styles","Vicenpal","$7.59","","","$0.00","07/28/2022","$2.91","4","21","$4.68","1,385,305","7","FBA","1","Home & Kitchen","Standard","6.26 x 0.79 x 6.38 in","2.89 oz","https://www.amazon.com/dp/B0B816C58R"
"","","B0CFZ9X2YB","LwithZere Wooden Dog Tags, Personalized Pet Dog Cat Name Tags, Double Sided Deep Engraved Wood Dog Name ID Tags for Pets, Lightweight Customize Round Dog Tags, Anti-Lost Pet Pet Supplies","LwithZere","$8.99","","","","08/17/2023","","3","1","","81,544","7","FBM","1","Handmade Products","","","","https://www.amazon.com/dp/B0CFZ9X2YB"
"","","B0B5CX2RT1","Vicenpal 6 Set Christmas Wood Stocking Name Tags Including Buffalo Check Bows Snowman Wooden Bead DIY Signs Farmhouse Tag Ornaments for Holiday Decor (Brown)","Vicenpal","$9.99","","","$0.00","08/28/2022","","4.8","36","","939,075","7","FBA","1","Home & Kitchen","","","","https://www.amazon.com/dp/B0B5CX2RT1"
"","","B07SZFFWJ6","32 Pieces 2'x3.1' Mini Chalkboard Signs Bulk Wood Chalkboard Tags Hanging Wooden Chalkboard Tag, Hanging Chalkboard Labels, Ideal Price Tags, Message Tags, Black","Boao","$7.95","238","8","$1,892","06/10/2019","$3.22","4.7","1,798","$4.73","28,248","6","FBA","1","Office Products","Standard","5.91 x 1.18 x 7.87 in","5.6 oz","https://www.amazon.com/dp/B07SZFFWJ6"
"","","B0828KHBHX","48 Pcs Chalkboard Tags, Topbuti Hanging Wooden Mini Chalkboard Signs Decorative Labels, Erasable Hanging Chalkboard Tags with Twine, Name Tags Price Tags Message Tags for DIY Craft Wedding Party Decor","Topbuti","$9.95","77","5","$766.15","12/02/2019","$4.69","4.7","235","$5.26","43,240","6","FBA","1","Office Products","Standard","6.57 x 7.56 x 1.85 in","9.1 oz","https://www.amazon.com/dp/B0828KHBHX"
"","","B0CN74Z1MR","Geetery 16.54 x 12.99 x 0.3 Inch Wooden Name Badge Holder 20 Rows ID Badge Tray Organizer Wood Name Badge Organizer ID Tag Name Badge Plate ID Card Sign Decor for Office School Business, Black (4 Pcs)","Geetery","$40.99","60","2","$2,459","","","","","","105,409","","FBA","","Office Products","","","","https://www.amazon.com/dp/B0CN74Z1MR"
"","","B0CF9JDWS9","SOMYTING 18' Large Christmas Stockings 4 Packs Knitted Xmas Stockings with Wood Name Tags Fireplace Hanging Stockings Burgundy and Ivory White for Family Holiday Party Christmas Decoration","SOMYTING","$24.99","","","$0.00","08/09/2023","","4.2","22","","1,501,583","7","FBA","1","Home & Kitchen","","","","https://www.amazon.com/dp/B0CF9JDWS9"
"","","B09F6LPY1D","12 Set Christmas Stocking Name Tags Including Chalkboard Tags Wood Beads and Bow, DIY Name Sign Christmas Ornaments for Christmas Stockings Home Farmhouse Decor (Black and White, 4.5 x 2.6'')","Junkin","$13.99","45","1","$629.55","08/31/2021","$8.12","4.6","176","$5.87","626,455","6","FBA","1","Home & Kitchen","Standard","7.95 x 1.06 x 8.03 in","6.7 oz","https://www.amazon.com/dp/B09F6LPY1D"
"","","B0BLN14GYC","Wooden Name Badge Holder Wood ID Badge Tray Organizer 23.62 x 3.5 x 0.75'' Name Tag Holders ID Tag Holder Name Badge Organizer for 40 Card, Office School Business Sign Tag ID Card Decor (Burlywood)","Geyee","$22.99","","","$0.00","11/06/2022","","3.7","5","","286,625","7","FBA","1","Office Products","","","","https://www.amazon.com/dp/B0BLN14GYC"
"","","B0B971GNV4","16 Pieces Christmas Stocking Name Tags Wood Christmas Stocking Gift Tags Candy Cane Ornament Rustic Red and White Xmas Tree Name Tags Decor with Bead Garland for DIY Farmhouse Decor","Funtery","$16.99","","","","","","4.4","10","","1,567,105","","FBA","","Home & Kitchen","","","","https://www.amazon.com/dp/B0B971GNV4"
"","","B0B7RZP2N7","12 Pieces Christmas Stockings Name Tags Wooden Stocking Tags Dog Paw Print Hanging Wood Tags for Stockings with Plaid Bows and Beads Farmhouse Christmas Name Ornaments Gifts for Xmas Stocking Decor","Amyhill","$11.99","","","$1,214","07/26/2022","","4.6","17","","1,411,070","7","FBA","1","Home & Kitchen","","","","https://www.amazon.com/dp/B0B7RZP2N7"