"Export time:  1/27/2024, 11:59:24 AM","","ASIN","Product Name","Brand","Price","Monthly Units Sold","Daily Units Sold","Monthly Revenue","Date First Available","Net Revenue","Star Rating","Reviews","Amazon Fees","BSR","LQS","Seller Type","Sellers","Category","Product Tier","Dimensions","Weight","Link"
"","","B07RY2ZY4V","Amazon Basics Rectangular Plastic Desk Organizer, letter size Tray, Black, 2-Pack","Amazon Basics","$14.37","6,929","226","$99,570","09/24/2019","$6.42","4.5","1,312","$7.95","728","6","AMZ","5","Office Products","Standard","10.118 x 13.465 x 2.402 in","1.713 lb","https://www.amazon.com/dp/B07RY2ZY4V"
"desk accessories","","B09PBJBN86","TSJ OFFICE Desktop Whiteboard Dry-Erase-Board - Computer Keyboard Stand White Board Surface Pad with Drawer, Desk Organizers with Accessories for Office, Home, School Supplies","TSJ OFFICE","$27.99","4,852","179","$135,807","05/20/2022","$17.36","4.8","3,251","$10.63","1,015","7","FBA","1","Office Products","Standard","0.01 x 6 x 7.1 in","3.01 lb","https://www.amazon.com/dp/B09PBJBN86"
"Average Monthly Sales: 6,958","","B09VR5THGP","Upright Ergonomic Foot Rest | Gel Ventilated Memory Foam Stool for Under Desk","Upright GO","$29.95","134","3","$4,013","02/28/2022","$17.53","4.4","42","$12.42","65,734","5","FBA","1","Office Products","Standard","11.81 x 5.91 x 16.93 in","1.66 lb","https://www.amazon.com/dp/B09VR5THGP"
"Average Revenue: $108,174","","B0C3M9723C","Gold Desk Accessories, Office Supplies Set with Acrylic Stapler, Tape Dispenser, Staple Remover, Pen Holder, Scissor, Binder/Paper Clips, 1 Ballpoint Pen, 1 Clear Tape and 1000pcs Staples","yuun","$19.98","287","8","$5,734","07/05/2023","$11.84","4.4","91","$8.14","30,034","7","FBA","1","Office Products","Standard","6.57 x 4.96 x 6.85 in","1.59 lb","https://www.amazon.com/dp/B0C3M9723C"
"Average Price: $22.75","","B0BMTPC44X","YSAGi Leather Desk Pad Protector, Office Desk Mat, Large Mouse Pad, Non-Slip PU Leather Desk Blotter, Laptop Desk Pad, Waterproof Desk Writing Pad for Office and Home (23.6' x 13.8', Black)","YSAGi","$9.99","47,385","1,610","$473,376","11/17/2022","$-0.45","4.6","2,735","$10.44","20","7","FBA","1","Office Products","Oversize","13.8 x 0.01 x 23.6 in","7.7 oz","https://www.amazon.com/dp/B0BMTPC44X"
"Average No. of Ratings: 6,013","","B0C9GRJGR7","SUPERDANNY LED Desk Lamp for Office Home, Eye-Caring Desk Light with Adjustable Gooseneck, 12W Touch Control Dimmable Brightness, Architect Clamp Lamp with USB Adapter for Reading Study Workbench","SUPERDANNY","$29.99","4,725","239","$141,703","08/10/2023","$15.39","4.6","357","$14.60","804","7","FBA","1","Tools & Home Improvement","Oversize","17 x 32 x 2 in","1.87 lb","https://www.amazon.com/dp/B0C9GRJGR7"
"Average Sales Rank: 18,893","","B0BYMRJD7R","Marbrasse Pen Organizer with 2 Drawer, Multi-Functional Pencil Holder for Desk, Desk Organizers and Accessories with 5 Compartments + Drawer for Office Art Supplies (White)","Marbrasse","$9.99","12,383","448","$123,706","03/15/2023","$3.97","4.5","9,063","$6.02","247","7","FBA","1","Office Products","Standard","4.2 x 6.3 x 8.2 in","14.4 oz","https://www.amazon.com/dp/B0BYMRJD7R"
"Average Rating Number: 4.6","","B09QL9G8Q1","Wrist Support Mouse Pad Anti Slip Rubber Wrist Rest Mousepad 8.75in X7.5in Small Desktop Notebook Mouse Mat for Working and Gaming (Pink Floral Wrist)","NNAKAPAKA","$8.99","1,020","34","$9,170","01/16/2022","$4.10","4.7","726","$4.89","7,317","7","FBA","1","Office Products","Standard","7.28 x 8.78 x 0.98 in","0.351 lb","https://www.amazon.com/dp/B09QL9G8Q1"
"","","B008VLH39Q","Dacasso Bonded Set Luxury Leather Desk Pad & Desk Organization Essentials, 5 Piece, Dark Brown","Dacasso","$138.25","103","3","$14,240","06/06/2012","$104.19","4.6","118","$34.06","59,939","7","FBM","10","Office Products","Oversize","18 x 1 x 30 in","11.05 lb","https://www.amazon.com/dp/B008VLH39Q"
"","","B0C1GS9XXY","VIVSOL 5-Tier Office Supplies Desk Organizer, Desk Organizers and Accessories with 2-File Organizer with Sliding Drawer, 4 Trays and Large Capacity Pen Holder, Mesh Desk Accessories, Black (5-Tier)","VIVSOL","$34.99","210","7","$7,348","04/03/2023","","4.7","170","","31,238","7","FBA","1","Office Products","","","","https://www.amazon.com/dp/B0C1GS9XXY"
"","","B0B3R719RH","Hemudu Dual Monitor Stand -Adjustable Length and Angle Dual Monitor Riser, Desktop Organizer for PC, Computer, Laptop (Clear)","Hemudu","$39.99","","","","06/08/2022","$29.66","4.7","643","$10.33","47","6","FBA","1","Computer Monitor Stands","Standard","10.83 x 3.23 x 16.38 in","8.8 lb","https://www.amazon.com/dp/B0B3R719RH"
"","","B0BR3B6BWB","Leather Desk Pad, Mouse Pad, Non-Slip Desk Protector Mat, Leather Desk Blotter, Computer Desk Pad, Waterproof Desk Mat for Home Office and Decor - Beige (31.515.7 Inches)","Bloss","$9.99","960","28","$9,590","12/25/2022","$4.72","4.6","275","$5.27","8,806","7","FBA","2","Office Products","Standard","1 x 1 x 15.7 in","11.4 oz","https://www.amazon.com/dp/B0BR3B6BWB"
"","","B07YFBYSQ4","Non-Slip Desk Pad,Mouse Pad,Waterproof PVC Leather Desk Table Protector,Ultra Thin Large Desk Blotter, Easy Clean Laptop Desk Writing Mat for Office Work/Home/Decor(Pink, 23.6' x 13.7')","YSAGi","$7.99","13,375","653","$106,866","07/21/2019","$-2.15","4.7","31,808","$10.14","126","6","FBA","1","Office Products","Oversize","13.7 x 0.5 x 23.6 in","11.3 oz","https://www.amazon.com/dp/B07YFBYSQ4"
"","","B08KXKVT4K","Vtopmart 25 PCS Clear Plastic Drawer Organizers Set, 4-Size Versatile Bathroom and Vanity Drawer Organizer Trays, Storage Bins for Makeup, Bedroom, Kitchen Gadgets Utensils and Office","Vtopmart","$18.49","84,555","2,857","$1.56M","10/08/2020","$9.29","4.7","29,131","$9.20","15","7","FBA","4","Home & Kitchen","Standard","2 x 9 x 6 in","3.92 lb","https://www.amazon.com/dp/B08KXKVT4K"
"","","B0BN3YHMZR","VIVSOL Desk Organizer with Mesh File Holder, 4-Tier Office Supplies Desk Organizers and Accessories with Sliding Drawers & Pen Holder, Desk File Organizer and Storage for Office, School, Home, Black","VIVSOL","$34.99","727","24","$25,438","11/21/2022","$17.38","4.6","395","$17.61","10,225","7","FBA","3","Office Products","Oversize","11.22 x 11.02 x 11.2 in","4 lb","https://www.amazon.com/dp/B0BN3YHMZR"
"","","B07Q9Z6B9W","Aothia Office Desk Pad, Natural Cork & PU Leather Dual Side Large Mouse Pad, Laptop Desk Table Protector Writing Mat Easy Clean Waterproof for Office Work/Home/Decor (Brown,31.5' x 15.7')","Aothia","$16.99","1,243","41","$21,119","04/06/2019","$5.50","4.7","9,225","$11.49","6,009","7","FBA","1","Office Products","Oversize","15.7 x 0.1 x 31.5 in","9.9 oz","https://www.amazon.com/dp/B07Q9Z6B9W"
"","","B09G9J8D4L","Dual Sided Leather Desk Mat - Waterproof Desk Pad for Office and Home - Desk Organization and Accessories - Ideal for Large Mouse Pad and Desk Mats on Top of Desks(Apricot+Orange,31.5'x 15.7')","HOMIEAZICOZI","$8.99","957","33","$8,603","09/14/2021","$-1.30","4.5","1,423","$10.29","7,444","6","FBA","1","Office Products","Oversize","15.7 x 0.08 x 31.5 in","13.4 oz","https://www.amazon.com/dp/B09G9J8D4L"
"","","B0C7L35NX9","Simple Houseware Desk Dual Monitor Stand Riser with Drawer, White","Simple Houseware","$37.87","","","","08/03/2023","","4.6","434","","23","6","FBA","1","Computer Monitor Stands","","","","https://www.amazon.com/dp/B0C7L35NX9"
"","","B08YX4FBN3","Simple Houseware Desk Monitor Stand Riser with Adjustable Organizer tray, Black","Simple Houseware","$30.97","","","","03/12/2021","$16.75","4.6","3,817","$14.22","25","6","FBA","1","Computer Monitor Stands","Oversize","11 x 6 x 20.5 in","8.18 lb","https://www.amazon.com/dp/B08YX4FBN3"
"","","B09P8B45DG","iCasso Keyboard Mouse Pad Set,Desk Pad + Keyboard Wrist Rest Support+Wrist Rest, Easy Typing Pain Relief, 3Pcs (35.415.7 in) Ergonomic XXL Ultra Thick Mousepad Desk Mat (Morlandi)","iCasso","$19.99","1,516","23","$30,305","09/08/2021","$11.85","4.7","2,645","$8.14","10,641","7","FBA","1","Office Products","Standard","3.15 x 0.01 x 17.32 in","1.65 lb","https://www.amazon.com/dp/B09P8B45DG"
"","","B09YC86BYJ","Keyboard Mouse Pad Set, Extended Mouse Pad+Keyboard Wrist Rest Support, Memory Foam Ergonomic Easy Typing, 3Pcs (35.415.7 in) Desk Pad Set for Home Office Study Game- Pink Gold","WB WEIRDBEAST","$19.99","1,523","85","$30,445","04/19/2022","$11.85","4.7","1,344","$8.14","2,646","7","FBA","1","Office Products","Standard","4.72 x 2.36 x 17.09 in","1.52 lb","https://www.amazon.com/dp/B09YC86BYJ"
"","","B0BKG79Z3G","iCasso Mouse Pad,Large Pink Desk Mat, 4in1 XXL Mousepad + Keyboard Wrist Rest+Mouse Wrist Rest+Coaster Set with Ergonomic Desk Pad for Home Office Table Computer-Pink Stay Positive","iCasso","$28.99","2,129","88","$61,720","10/24/2022","$18.85","4.7","1,080","$10.14","2,547","7","FBA","1","Office Products","Standard","8.58 x 2.24 x 17.56 in","2.05 lb","https://www.amazon.com/dp/B0BKG79Z3G"
"","","B0C4F4KLZH","CloudBliss Foot Rest for Under Desk at Work,Office Desk Accessories with Memory Foam and Washable Removable Cover, Foot Stool for Office, Car, Home to Foot Support and Relax Ankles, Black","CloudBliss","$15.99","4,066","129","$65,015","06/17/2023","$9.07","4.3","904","$6.92","1,573","6","FBA","1","Office Products","Standard","10.24 x 4.72 x 16.14 in","14.4 oz","https://www.amazon.com/dp/B0C4F4KLZH"
"","","B0BWTT3WK1","gianotter Paper Letter Tray Organizer with File Holder, 4-Tier Desk Accessories & Workspace Desk Organizers with Drawer and 2 Pen Holder for Office Supplies (Rose Gold)","gianotter","$32.99","5,530","122","$182,435","04/04/2023","","4.6","951","","1,690","6","FBA","2","Office Products","","","","https://www.amazon.com/dp/B0BWTT3WK1"
"","","B09LQ5XCNH","Dosmix Retro Bluetooth Speaker, Vintage Decor, Small Wireless Bluetooth Speaker, Cute Old Fashion Style for Kitchen Desk Bedroom Office Outdoor Accessories for Android/iOS Devices (Black)","Dosmix","$16.99","740","26","$12,573","11/14/2021","$11.86","4.3","3,257","$5.13","4,540","7","FBA","1","Electronics","Standard","3 x 4.6 x 2.2 in","0.5 lb","https://www.amazon.com/dp/B09LQ5XCNH"
"","","B0BWD5QCN2","Mechanical Calculator 12 Digit Extra Large 5-Inch LCD Display, DECKLIT Battery Desk Calculator, Big Buttons Easy to Press Use as Office Calculators Desktop, 15Tilt Screen for Kids Calculator(Pink)","Decklit","$15.99","816","33","$13,048","02/20/2023","","4.7","213","","7,602","6","FBA","1","Office Products","","","","https://www.amazon.com/dp/B0BWD5QCN2"
"","","B08929YGXT","OfficeGoods Acrylic & Stainless Steel 9' Scissors - Modern Design for the Stylish Home, Office, or School - Perfect for Arts & Crafts, Scrapbooking, Fabric, & Sewing - Gold","OfficeGoods","$19.95","989","29","$19,731","05/20/2020","$13.42","4.8","724","$6.53","4,727","6","FBA","1","Arts, Crafts & Sewing","Standard","4.84 x 1.22 x 10.55 in","5 oz","https://www.amazon.com/dp/B08929YGXT"
"","","B0B2V8CN93","Dilter Wireless Keyboard and Mouse Combo, 104 Keys Full-Sized 2.4 GHz Round Keycap Colorful Keyboards, USB Receiver Plug and Play, for Windows, PC, Laptop, Desktop (Milk Tea)","Dilter","$39.99","","","","08/05/2022","$31.80","4.4","448","$8.19","309","7","FBA","1","Computer Keyboard & Mouse Combos","Standard","5.39 x 17.72 x 3.03 in","1.96 lb","https://www.amazon.com/dp/B0B2V8CN93"
"","","B0CMCMRKYF","White Office Supplies, UPIHO White Desk Accessories, Stapler and Tape Dispenser Set for Women with Stapler,Tape Dispenser, Staple Remover, Staples,Scissor and Tabs for Students Office Clerks","UPIHO","$22.99","2,230","72","$51,268","11/01/2023","$14.40","4.4","451","$8.59","3,197","7","FBA","1","Office Products","Standard","6.3 x 2.32 x 9.02 in","1.61 lb","https://www.amazon.com/dp/B0CMCMRKYF"
"","","B0B832C587","A Mindful Office Moving Sand Art Decor (7 Inch Black Frame) - Perpetual Motion Desk Toy Brings Relaxing Vibe Round Glass Frame with Black, White and Gold Liquid","Generic","$39.95","150","5","$5,993","07/28/2022","","4.4","86","","158,784","7","FBA","1","Home & Kitchen","","","","https://www.amazon.com/dp/B0B832C587"
"","","B0C8N7DQZV","Under Desk Cable Management Tray Black, No Drill Desk Cable Management Organizer with Clamp for Desk Wire Management, Desk PC Cord Organizer Accessories & Workspace Organizers for Office, Home(1 Pack)","Kaiferty","$18.99","650","26","$12,343","07/26/2023","","4.6","132","","4,556","7","FBA","1","Electronics","","","","https://www.amazon.com/dp/B0C8N7DQZV"
"","","B07T5SY43L","HUANUO Dual Monitor Stand - Adjustable Spring Monitor Desk Mount Swivel Vesa Bracket with C Clamp, Grommet Mounting Base for 13 to 30 Inch Computer Screens - Each Arm Holds 4.4 to 19.8lbs","HUANUO","$59.99","","","","09/07/2019","$47.56","4.6","24,505","$12.43","1","7","FBA","5","Computer Monitor Arms","Standard","13.07 x 16.42 x 7.13 in","11.219 lb","https://www.amazon.com/dp/B07T5SY43L"
"","","B092D512MQ","Dapesuom Enlarge Keyboard Wrist Rest Pad,Memory Foam Set Wrist Cushion Support for Easy Typing & Pain Relief,Mouse Wrist Pad,Anti-Slip Wrist Support for Gaming,Computer, Laptop, Office,Vanilla Purple","Dapesuom","$14.89","1,650","55","$24,569","04/13/2021","$8.89","4.6","2,030","$6.00","4,351","7","FBA","1","Office Products","Standard","3.6 x 1 x 17 in","6.3 oz","https://www.amazon.com/dp/B092D512MQ"
"","","B0BYTYH54W","Becomrock Desk Organizers and Accessories, Office Supplies Desktop Organizer, Desk File Organizer with Sliding Drawer, Dual Tray and 5 Upright Section, File Folder Holder for Desk","Becomrock","$20.29","461","4","$9,354","04/22/2023","","5","14","","54,633","6","FBA","1","Office Products","","","","https://www.amazon.com/dp/B0BYTYH54W"
"","","B0CC5WZP3T","HBlife Makeup Organizer with 7 Drawers, 2 Pack Clear Desk Organizers Desktop Office Supplies Accessories Storage for Make Up, Hair Accessories, Pen, Desktop Stationary","HBlife","$15.99","141","6","$2,255","07/17/2023","","5","5","","36,854","7","FBA","1","Office Products","","","","https://www.amazon.com/dp/B0CC5WZP3T"
"","","B0CB3MVX9H","Noamus Set of 6 Office Desk Organizer and Accessories, Metal Workspace Desktop Supplies, Magazine File Sticky Note Holder, Pencil Cup Document Tray, Business Card Holder Mail Organizer, Black","Noamus","$24.59","","","$0.00","07/03/2023","","5","2","","307,330","7","FBA","1","Office Products","","","","https://www.amazon.com/dp/B0CB3MVX9H"
"","","B09DSXVVDM","SEAKINGDOM YHH Decorative Seaturtle Pen rack, Penholder, Desk Organizers and Accessories.Funny Resin Baby Sea Turtle statue. Wild sea life Sea turtle figurine. Lucky Wealth Seaturtle table","N\\A","$30.00","","","$0.00","08/26/2021","$20.98","5","7","$9.02","272,756","7","FBA","1","Office Products","Standard","7.01 x 5.94 x 7.56 in","13.4 oz","https://www.amazon.com/dp/B09DSXVVDM"
"","","B09Y2XHF33","Famassi Rose Gold Desk AccessoriesOffice Supplies Set Acrylic Stapler Set Staple Remover, Tape Holder, 2 Ballpoint Pen, Scissor, Binder/Paper Clips and 1000pcs Staples.","Famassi","$23.99","1,960","72","$47,020","04/15/2022","$15.25","4.6","1,515","$8.74","3,225","7","FBA","3","Office Products","Standard","4.88 x 4.8 x 6.57 in","1.71 lb","https://www.amazon.com/dp/B09Y2XHF33"
"","","B07ZHZCRV6","COM.TOP - Acrylic Letter Sorter- Rose Gold Envelope, Letter, Card Organizer, Office Supplies, Desk Accessories, 6.38'x2.44'x3.15'","COM.TOP","$21.99","105","3","$2,309","10/22/2019","$14.92","4.5","301","$7.07","67,351","6","FBA","1","Office Products","Standard","3.5 x 6.6 x 2.3 in","0.45 lb","https://www.amazon.com/dp/B07ZHZCRV6"
"","","B0C5MCDQNK","WAVEYU Cute Pen Holder for Desk, Ceramic Pencil Holder, Pen Cup Marker Holder Makeup Brush Holders, Desk Accessories & Workspace Organizers for Home, School & Office, White Flower","WAVEYU","$12.99","1,392","51","$18,082","05/17/2023","","4.8","8","","4,767","6","FBA","1","Office Products","","","","https://www.amazon.com/dp/B0C5MCDQNK"
"","","B0BY9MGR14","MAYGIBYE Desk Organizer Office Accessories, Pen Holder for Desk Clear Plastic Desktop Organizer w/ 2 Drawers and 4 Compartments Cute Room Decor Stuff Vanity Organizer Desk Storage Bins White","MAYGIBYE","$24.99","51","1","$1,274","03/12/2023","$15.45","4.3","63","$9.54","127,051","7","FBA","1","Office Products","Standard","9.13 x 4.84 x 6.7 in","2.35 lb","https://www.amazon.com/dp/B0BY9MGR14"
"","","B0BRMX3SWH","MDOZQ Office Desk Accessories 2pcs Monitor Memo Board Computer Message Board Office Supplies for Women Men Computer Sticky Note Holder Home Office Accessories Desktop Message Office Decor","MDOZQ","$6.98","11,037","473","$77,038","01/03/2023","$3.01","4.4","645","$3.97","225","7","FBA","4","Office Products","Standard","0.39 x 0.2 x 0.39 in","3.84 oz","https://www.amazon.com/dp/B0BRMX3SWH"
"","","B0C5HT9LMP","Flat Plug Extension Cord, 5ft Power Strip with 4 USB Ports(2 USB C), 4 Widely Outlets Extender, Wall Mount, Desk Charging Station for Office, School, Travel and Dorm Room Essentials, ETL Listed","HANYCONY","$12.99","3,435","123","$44,621","05/16/2023","","4.8","426","","651","7","FBA","1","Electronics","","","","https://www.amazon.com/dp/B0C5HT9LMP"
"","","B07F8S18D5","Nulaxy Dual Folding Cell Phone Stand, Fully Adjustable Foldable Desktop Phone Holder Cradle Dock Compatible with Phone 15 14 13 12 11 Pro Xs Xs Max Xr X 8, Nintendo Switch, All Phones","Nulaxy","$8.69","26,140","858","$227,157","07/04/2018","$4.45","4.7","51,111","$4.24","55","6","FBA","4","Cell Phones & Accessories","Standard","3.07 x 4.33 x 1.14 in","0.311 lb","https://www.amazon.com/dp/B07F8S18D5"
"","","B0BWH3Q2L7","YSAGi Double-Sided Desk Pad, Leather Desk Mat, Eco Cork Desk Pad Protector, Large Mouse Pad for Desk, Waterproof Desk Blotter Pad, Writing Pad for Office/Home(23.6'x13.7',Apricot)","YSAGi","$9.99","6,855","220","$68,481","05/01/2023","$4.72","4.7","628","$5.27","761","6","FBA","1","Office Products","Standard","2.44 x 2.44 x 14.25 in","9.9 oz","https://www.amazon.com/dp/B0BWH3Q2L7"
"","","B0BQDLRGNF","EOOUT Gold Office Supplies Set Desk Accessories, Acrylic Stapler Set Staple Remover, Phone Holder, Tape Holder, Pen Holder, 2 Ballpoint Pen, Scissor, Binder Clips, Ruler, Transparent Glue and Staples.","EOOUT","$21.99","1,388","43","$30,522","12/16/2022","$13.55","4.6","256","$8.44","5,650","6","FBA","2","Office Products","Standard","6.42 x 4.41 x 6.61 in","1.96 lb","https://www.amazon.com/dp/B0BQDLRGNF"
"","","B08BZJY7R6","White Cable Clips, Cord Organizer Cable Management, Cable Organizers USB Cable Holder Wire Organizer Cord Clips, 2 Packs Cord Holder for Desk Car Home and Office (5, 3 Slots)","INCHOR","$5.24","7,601","309","$39,829","06/28/2020","$1.53","4.6","16,253","$3.71","147","7","FBA","1","Electronics","Standard","3.82 x 0.59 x 6.73 in","1.06 oz","https://www.amazon.com/dp/B08BZJY7R6"
"","","B0949DWJCV","Crpich Acrylic Cell Phone Stand, Portable Clear Phone Stand for Desk, Compatible with Phone15 14 13 Pro Max Mini 12 11 Plus SE, Switch, Android Smartphone, Pad, Tablet, Desk Accessories","Crpich","$8.99","8,563","253","$76,981","05/19/2021","$4.73","4.7","8,871","$4.26","429","7","FBA","1","Cell Phones & Accessories","Standard","3.9 x 3.9 x 4.3 in","0.3 lb","https://www.amazon.com/dp/B0949DWJCV"
"","","B0CPCG2Q76","GGIANTGO Rotating Desk Organizer with 2 Drawer, Pencil Pen Holder for Desk, Desk Organizers and Accessories with 4 Compartments + Drawer for Office Home Art Supplies","GGIANTGO","$13.99","390","23","$5,456","12/30/2023","","4.8","19","","10,781","7","FBA","1","Office Products","","","","https://www.amazon.com/dp/B0CPCG2Q76"
"","","B0855QBHTZ","AMERIERGO Dual Monitor Stand Riser for 2 Monitors, Monitor Stand for Desk, Adjustable Computer Monitor Stand with 2 Slot, Multifunctional Desktop Organizer Stand for Laptop, PC, Computer, Printer","AMERIERGO","$39.99","","","","02/24/2020","$29.96","4.5","9,210","$10.03","7","6","FBA","16","Computer Monitor Stands","Standard","12.64 x 3.86 x 17.72 in","7.81 lb","https://www.amazon.com/dp/B0855QBHTZ"
"","","B099NTPWWD","SZELAM Digital Alarm Clock,LED and Mirror Desk Clock Large Display,with Dual USB Charger Ports,3 Levels Brightness,12/24H,Modern Electronic Clock for Bedroom Home Living Room Office - Gold","SZELAM","$23.95","8,170","263","$195,672","05/27/2019","$16.59","4.3","29,829","$7.36","2,024","7","FBA","4","Home & Kitchen","Standard","2.4 x 3.7 x 6.5 in","0.5 lb","https://www.amazon.com/dp/B099NTPWWD"
"","","B0C2TC9HZ7","Lamicall Headphone Stand, Sticky Headset Hanger - Adhesive Headphone Holder Hook Mount, Headset Stand Holder Clip Under Desk, Earphone Clamp for Airpods Max, HyperX, Sennheiser, Pink","Lamicall","$7.99","","","","04/17/2023","","4.7","1,810","","77","7","FBA","1","Video Games","","","","https://www.amazon.com/dp/B0C2TC9HZ7"
"","","B0BXFFNDHY","No Drill Under Desk Cable Management Tray, MEEKAKEE [Upgrated] Wire Management, Metal Cable Tray, Wire Organizer Under Desk, Desk Storage Holder for Office and Home (Black)","Meekakee","$27.90","340","17","$9,486","03/02/2023","","4.8","131","","7,368","6","FBA","2","Electronics","","","","https://www.amazon.com/dp/B0BXFFNDHY"
"","","B0BKVTPT9C","Mr. Pen- Sticky Notes, 12 Pads, 3x3, Vintage Colors, Sticky Pads, Bulk, Colored/Colorful Sticky Notes","Mr. Pen","$8.99","23,663","630","$212,730","10/28/2022","$4.57","4.3","9,386","$4.42","135","6","FBA","1","Office Products","Standard","5.98 x 0.58 x 9.06 in","9.3 oz","https://www.amazon.com/dp/B0BKVTPT9C"
"","","B0C4F8RNF9","Cayxenful Pencil Holder For Desk,5 Slots 360Degree Rotating Desk Organizers And Accessories,Desktop Storage Stationery Supplies Organizer, Cute Pencil Cup Pot For Office, School, Home (B-White)","Cayxenful","$11.95","2,830","39","$33,819","05/04/2023","$6.39","4.7","199","$5.56","6,307","7","FBA","1","Office Products","Standard","4.7 x 5.9 x 5.9 in","10.2 oz","https://www.amazon.com/dp/B0C4F8RNF9"
"","","B0BNN2GWZL","SOUNDANCE Laptop Stand for Desk, Metal Computer Riser, Heavy Stable PC Holder, Ergonomic Laptops Elevator for 12 to 17.3 Inches Notebook Computer, Silver","SOUNDANCE","$11.99","","","","11/29/2022","","4.6","1,546","","15","6","FBA","1","Laptop Stands","","","","https://www.amazon.com/dp/B0BNN2GWZL"
"","","B0868HY623","White crown LED Desk Lamp Dimmable Table Lamp Reading Lamp with USB Charging Port, 5 Lighting Modes, Sensitive Control, 30/60 Minutes Auto-Off Timer, Eye-Caring Office Lamp","White crown","$19.99","27,549","812","$550,705","03/22/2020","$13.45","4.3","10,714","$6.54","83","7","FBA","2","Tools & Home Improvement","Standard","7 x 14.5 x 4.49 in","0.01 oz","https://www.amazon.com/dp/B0868HY623"
"","","B09478CKG2","N NOROCME Cord Management Organizer Kit 4 Cable Sleeve Split with 41Self Adhesive Clips Holder, 10pcs and 2 Roll Self tie 100 Fastening Ties for TV Office Car Desk Home Black","N NOROCME","$14.75","4,552","162","$67,142","05/04/2021","$8.77","4.6","7,820","$5.98","431","6","FBA","6","Electronics","Standard","8.189 x 10.669 x 2.362 in","0.69 lb","https://www.amazon.com/dp/B09478CKG2"
"","","B0C8N1VX44","LEKETREE Desk Organizers and Accessories, 3-Tier Paper Organizer with 5 Vertical File Holders, File Organizer for Desk, Desk Accessories & Workspace Organizers (Black)","LEKETREE","$23.99","2,237","108","$53,666","08/04/2023","","4.5","165","","1,967","6","FBA","1","Office Products","","","","https://www.amazon.com/dp/B0C8N1VX44"
"","","B07Z82895W","LISEN Cell Phone Stand Adjustable Phone Holer for Desk, Office Desk Accessories for iPhone 15 Stand Fits All Mobile Phones, iPhone, Switch, Kindle, iPads, Tablet 4-10in","LISEN","$7.99","17,661","643","$141,111","11/25/2019","$2.21","4.5","62,475","$5.78","94","7","FBA","5","Cell Phones & Accessories","Standard","5.12 x 16.22 x 2.72 in","1.23 lb","https://www.amazon.com/dp/B07Z82895W"
"","","B0BNHNG5CY","Micomlan Led Desk Lamp with Clamp, Architect Desk Lamp for Home Office with Atmosphere Lighting, 24W Ultra Bright Auto Dimming Desk Light Stepless Dimming and Tempering LED Table Light","Micomlan","$69.99","6,579","159","$460,464","11/27/2022","$43.71","4.8","1,018","$26.28","1,497","7","FBA","3","Tools & Home Improvement","Oversize","2.36 x 28.23 x 39.37 in","2.82 lb","https://www.amazon.com/dp/B0BNHNG5CY"
"","","B07BVK2FQW","PC Gaming Headset Headphone Hook Holder Hanger Mount, Headphones Stand with Adjustable & Rotating Arm Clamp, Under Desk Design, Universal Fit, Built in Cable Clip Organizer EURPMASK","EURPMASK Choose the color of europe","$12.99","","","","03/30/2018","$6.61","4.7","26,865","$6.38","114","6","FBA","1","Video Games","Standard","4.25 x 5.35 x 2.44 in","0.351 lb","https://www.amazon.com/dp/B07BVK2FQW"
"","","B0B9XRW69G","Coffee Mug Warmer, CEROBEAR Mug Warmer for Desk 3 Temperature Control 130/150/170, Cup Warmer with Auto Shut Off for Coffee Milk Tea Beverage","CEROBEAR","$21.99","799","26","$17,570","08/16/2022","","4.5","763","","36,028","7","FBA","1","Home & Kitchen","","","","https://www.amazon.com/dp/B0B9XRW69G"
"","","B0CF5F2KDH","LEKETREE Desk Organizers and Accessories, 5-Tier Paper Letter Tray Organizer with File Holder, Office Supplies for Women, Desk Accessories & Workspace Organizers(Rose Gold)","LEKETREE","$27.99","3,147","86","$88,085","09/18/2023","","4.3","147","","2,615","6","FBA","1","Office Products","","","","https://www.amazon.com/dp/B0CF5F2KDH"
"","","B0BGNJS7FQ","ACNCTOP LED Desk Lamp for Office Home - Eye-Caring Architect Task Lamp 25 Lighting Modes Adjustable Flexible Gooseneck Clamp Light for Workbench Drafting Reading Study (Black)","ACNCTOP","$23.99","6,889","226","$165,267","11/07/2022","$8.79","4.4","2,643","$15.20","884","7","FBA","2","Tools & Home Improvement","Oversize","17 x 31 x 2 in","1.56 lb","https://www.amazon.com/dp/B0BGNJS7FQ"
"","","B0868KH57T","K KNODEL Large Desk Mat, Office Desk Pad, Computer Desk Mat, Laptop Mat for Desk, Desk Protecor Mat, Desktop Mat, Desk Writing Pad, Desk Blotter Pad, Desk Cover Mat (31.5'x15.7', Green)","K KNODEL","$13.99","30,181","868","$422,232","01/29/2020","$2.95","4.7","56,164","$11.04","73","6","FBA","1","Office Products","Oversize","13.8 x 0.01 x 46 in","14 oz","https://www.amazon.com/dp/B0868KH57T"
"","","B0B4JYRFKM","Wireless Keyboard and Mouse, KOOTOP Cute Keyboard and Mouse, 2.4G Wireless Keyboard with Retro Round Keycap for PC, Mac, Laptop,Tablet,Computer Windows (Milk Tea)","Kootop","$39.99","","","","06/19/2022","","4.4","1,014","","39","7","FBA","1","Computer Keyboard & Mouse Combos","","","","https://www.amazon.com/dp/B0B4JYRFKM"
"","","B0CJMDVVV2","QIYVLOS Desk Organizer with 3 Drawer, Multi-Functional Pencil Pen Holder for Desk, Desk Organizers and Storage with 5 Compartments, Desktop Organizer for Office Home Art Supplies (White)","QIYVLOS","$14.99","1,549","57","$23,220","09/21/2023","","4.6","56","","4,152","7","FBA","1","Office Products","","","","https://www.amazon.com/dp/B0CJMDVVV2"
"","","B0C6LVPPC2","Leadiy Acrylic Coaster Decorative Plates,Irregular Bar Drink Coaster, Clear Cloud Shape Coffee Cup Coaster, Perfect for Tabletop Protection and Accessories Display.(Clear)","Leadiy","$7.99","245","9","$1,958","05/29/2023","","3.8","9","","30,083","6","FBA","1","Kitchen & Dining","","","","https://www.amazon.com/dp/B0C6LVPPC2"
"","","B07Q128V6W","ODISTAR Desktop Vacuum Cleaner, Mini Table dust Sweeper Energy Saving,High Endurance up to 90 mins,Cordless&360 Rotatable Design for Keyboard/Home/School/Office(White)","ODISTAR","$12.98","","","","04/21/2019","$8.66","4.3","15,597","$4.32","2","7","FBA","2","Computer Vacuum Cleaners","Standard","3.39 x 3.5 x 2.95 in","0.351 lb","https://www.amazon.com/dp/B07Q128V6W"
"","","B088NHGC48","Simple Trending 2 Tier Metal Monitor Stand Monitor riser and Computer Desk Organizer with Drawer and Pen Holder for Laptop, Computer, iMac, Black","Simple Trending","$30.57","","","","05/13/2020","$22.31","4.7","2,104","$8.26","4","6","FBA","1","Computer Monitor Stands","Standard","10.3 x 16.3 x 1.4 in","3.75 lb","https://www.amazon.com/dp/B088NHGC48"
"","","B09QLY2PSC","Headphones Stand Headset Hanger with 3USB Charger 1 Type C + 2 USB A Charging Port 2 2-Prong AC Outlets Power Headphone Holder Hook Charging Station Under Desk for Gamer Gift Desk Gaming Accessories","ALACOO","$19.99","","","","01/17/2022","$12.07","4.6","227","$7.92","3,811","7","FBA","3","Video Games","Standard","4 x 4.1 x 3 in","0.851 lb","https://www.amazon.com/dp/B09QLY2PSC"
"","","B0C8C6ZFXW","Marbrasse Desk Organizer, 360-Degree Rotating Pen Holder for Desk, Desk Organizers and Accessories with 5 Compartments Pencil Organizer, Art Supply Storage Box Caddy for Office, Home Pink","Marbrasse","$11.99","10,681","463","$128,065","06/16/2023","$6.42","4.7","2,007","$5.57","234","7","FBA","1","Office Products","Standard","6.5 x 5.3 x 6.5 in","10.2 oz","https://www.amazon.com/dp/B0C8C6ZFXW"
"","","B0C6LMPX1W","Blue Office Supplies,UPIHO Blue Desk Accessories,Stapler and Tape Dispenser Set for Women with Stapler,Tape Dispenser,Magnetic Staple Remover,Staples,Clips,Hole Punch and Tabs,School Supplies","UPIHO","$19.99","2,336","72","$46,697","05/29/2023","$11.85","4.4","451","$8.14","3,197","7","FBA","1","Office Products","Standard","6.3 x 2.44 x 9.02 in","1.72 lb","https://www.amazon.com/dp/B0C6LMPX1W"
"","","B0BZVL6W71","Cable Managemen Under Deskt - No Damage to Desk, Standing Desk Cable Organizer, Quszmd Under Desk Cord Organizer, Under Desk Wire Management Tray","Quszmd","$16.89","1,516","46","$25,605","03/28/2023","","4.5","363","","2,349","7","FBA","4","Electronics","","","","https://www.amazon.com/dp/B0BZVL6W71"
"","","B0C6QMPX37","Marbrasse Mesh Pen Holder for Desk, Desk Organizer with Drawer, Multi-Functional Pencil Organizer, Desk Organizers and Accessories for Office Art Supplies (Black)","Marbrasse","$20.99","2,171","85","$45,569","05/30/2023","","4.3","373","","2,635","7","FBA","1","Office Products","","","","https://www.amazon.com/dp/B0C6QMPX37"