"Export time:  1/29/2024, 5:29:04 PM","","ASIN","Product Name","Brand","Price","Monthly Units Sold","Daily Units Sold","Monthly Revenue","Date First Available","Net Revenue","Star Rating","Reviews","Amazon Fees","BSR","LQS","Seller Type","Sellers","Category","Product Tier","Dimensions","Weight","Link"
"","","B0CC22KHG7","Thenshop 12 Pieces Cardboard Magazine File Holder 12 x 12 Paper Storage Organizer Scrapbook Paper Document File Box for Students Teacher Desk Office Organization (Pink)","Thenshop","$30.99","125","1","$3,874","07/16/2023","$15.50","","","$15.49","109,014","7","FBA","1","Office Products","Oversize","15.5 x 3 x 16.5 in","3.34 lb","https://www.amazon.com/dp/B0CC22KHG7"
"12x12 inch paper storage","","B0C6971ZH9","SONGWAY Scrapbook Paper Organizer 12x12-4 Tier File Organizer for Desk, Scrapbook Paper Storage, Paper Holder, 12x12 Stackable Paper Trays, Desktop Paper Storage Organizer Cube for Home Office","SONGWAY","$29.99","450","15","$13,496","05/24/2023","","4.1","22","","16,661","7","FBA","1","Office Products","","","","https://www.amazon.com/dp/B0C6971ZH9"
"Average Monthly Sales: 293","","B0CL9NWC5P","Caydo 4 Pack Scrapbook Paper Storage with Wheels, Plastic Scrapbook Storage Bin for Holding 12' x 12' Papers, Scrapbook Papers, Vinyl Sheets, Cardstocks","Caydo","$33.99","118","8","$4,011","10/17/2023","","4.8","15","","19,921","7","FBA","1","Arts, Crafts & Sewing","","","","https://www.amazon.com/dp/B0CL9NWC5P"
"Average Revenue: $8,177","","B0CDGP9L2D","Caydo Hanging Paper Storage Pocket, 12 x 12 Inch Paper Storage with 3 Pieces Hanging Hooks for Holding Scrapbook, Cardstock, Vinyl Sheets","Caydo","$13.99","112","4","$1,567","08/01/2023","","4.8","35","","38,691","7","FBA","1","Arts, Crafts & Sewing","","","","https://www.amazon.com/dp/B0CDGP9L2D"
"Average Price: $29.70","","B0BNPKVBNR","Caydo Wood Paper Storage Organizer, Slope Design Paper Storage Shelf For Holding 12 x 12 Inch Scrapbook Paper, 8 Slot Stable Scrapbook Paper Rack For Portfolio, Heat Transfer Papers","Caydo","$49.99","142","5","$7,099","11/30/2022","","4.6","32","","28,919","6","FBA","1","Arts, Crafts & Sewing","","","","https://www.amazon.com/dp/B0BNPKVBNR"
"Average No. of Ratings: 406","","B09P3HPZX7","iBune 4 Pack 12x12 Paper Storage, Scrapbook Storage Box for 12' x 12' Paper, Portable Slim Project Case Plastic Craft Paper Storage Box, Inner Size 12.2 x 12.2 x 0.85 in","iBune","$29.99","222","11","$6,658","12/22/2021","$18.46","4.7","292","$11.53","20,854","4","FBA","2","Office Products","Standard","13.032 x 13.15 x 4.843 in","3.841 lb","https://www.amazon.com/dp/B09P3HPZX7"
"Average Sales Rank: 85,458","","B001MUKPES","Storage Studios Easy Access Paper Holder with 3-Slots, 9.5 x 13.5 x 14.5 Inches, Black (CH92579)","Advantus","$27.68","136","6","$3,764","07/25/2017","$13.45","3.8","1,032","$14.23","35,673","6","AMZ","8","Office Products","Oversize","14.5 x 14.5 x 1.25 in","2.551 lb","https://www.amazon.com/dp/B001MUKPES"
"Average Rating Number: 4.5","","B0BWRG5JB4","Caydo 36PCS Scrapbook Paper Storage Organizer 12 x 12 Inch Clear Scrapbook Paper Organizer with 100PCS Sticky Index Tabs Holds Scrapbook Paper, Cardstock, Vinyl Paper","Caydo","$24.99","773","28","$19,317","02/23/2023","","4.7","55","","4,930","6","FBA","1","Arts, Crafts & Sewing","","","","https://www.amazon.com/dp/B0BWRG5JB4"
"","","B08V21RXFY","IRIS USA Fits 12' x 12' Paper, 6 Pack Thick Portable Plastic Scrapbook Paper Storage Cases with Built-in Handle for Art and Craft Supplies Yarn File Paper Office Documents Toys, Rounded Corner, Clear","IRIS","$42.29","2,637","90","$111,519","02/23/2021","$14.85","4.7","7,517","$27.44","1,123","7","AMZ","8","Arts, Crafts & Sewing","Oversize","14.8 x 20.6 x 14.7 in","8.76 lb","https://www.amazon.com/dp/B08V21RXFY"
"","","B0BZVRWWSM","Caydo 5 Pack Scrapbook Paper Organizer, Pink Expanding Paper Folio, Portable Scrapbook Paper Storage with Button Closure for Holding 12 x 12 Inch Scrapbook, Vinyl Paper","Caydo","$26.99","63","1","$1,700","03/28/2023","","4.8","23","","135,475","6","FBA","1","Arts, Crafts & Sewing","","","","https://www.amazon.com/dp/B0BZVRWWSM"
"","","B07MTG3FBV","Comix Magazine File Holder, Sturdy Plastic Desk Organizers and Storage File Folder for Office Organization, Binder Organizer with 4 Compartments Storage Organiser Box","Comix","$15.99","202","7","$3,230","10/17/2018","$0.47","4.3","707","$15.52","34,013","6","FBA","1","Office Products","Oversize","10.4 x 12.2 x 12.7 in","1.44 lb","https://www.amazon.com/dp/B07MTG3FBV"
"","","B08K8G7TYG","Aebeky A4 Size Plastic Paper Storage Trays,Desktop File Organizer Baskets,6-Packs (White)","Aebeky","$24.99","243","7","$6,073","09/27/2020","$13.61","4.7","257","$11.38","34,296","6","FBA","1","Office Products","Standard","9.9 x 7.8 x 13.4 in","2.7 lb","https://www.amazon.com/dp/B08K8G7TYG"
"","","B0968JFXXT","DALTACK 3 Tier Letter Tray Paper Organizer Mesh Metal Desk File Organizer for Home & Office, Black","DALTACK","$19.99","1,701","46","$34,003","05/30/2021","$10.56","4.6","1,023","$9.43","5,304","6","FBA","1","Office Products","Standard","10.28 x 14.17 x 2.68 in","3.351 lb","https://www.amazon.com/dp/B0968JFXXT"
"","","B0CCXJG7BX","AUKUS Stackable Paper Organizers - Durable and Sturdy File Trays for Desk, Transparent Design - Ideal for Office, School, Home - A4 Size, 24 Pack","AUKUS","$29.99","185","10","$5,548","07/25/2023","","3.6","53","","24,118","6","FBA","1","Office Products","","","","https://www.amazon.com/dp/B0CCXJG7BX"
"","","B09P3FW6ZK","Denkee 6 Pack Portable Project Case, Plastic Scrapbook Case for 12' x 12' Paper, A4 File Documents Magazines Paper Protector, Office School Supplies Storage Organizer (12.4 x 12.8 x 1.1 in)","Denkee","$48.99","360","12","$17,636","12/22/2021","$33.56","4.7","85","$15.43","19,795","6","FBA","2","Office Products","Standard","13.071 x 13.228 x 6.772 in","5.565 lb","https://www.amazon.com/dp/B09P3FW6ZK"
"","","B0BY2PXFKS","Thenshop 12 Pieces Cardboard Magazine File Holder 12 x 12 Paper Storage Organizer Scrapbook Paper Document File Box for Students Teacher Desk Office Organization (White)","Thenshop","$32.99","110","1","$3,629","03/09/2023","$17.20","4.9","13","$15.79","109,014","7","FBA","1","Office Products","Oversize","17.3 x 2.5 x 17.75 in","3.8 lb","https://www.amazon.com/dp/B0BY2PXFKS"
"","","B097CM4V3Y","Storex Classroom Craft Project Box  Stacking Plastic Organizer Fits 12x12 Scrapbooking Paper, Assorted STEAM Colors, 5-Pack (63202C05C)","Storex","$38.88","296","13","$11,508","06/15/2021","$19.17","4.4","611","$19.71","19,126","6","AMZ","6","Office Products","Oversize","13.3 x 15.8 x 9.14 in","6.25 lb","https://www.amazon.com/dp/B097CM4V3Y"
"","","B0C9HSRWZ1","Aoibrloy Wood Scrapbook Storage Organizer, 8 Slot Wooden Desktop Paper Storage Box File Folder Sorter Holder for Holding 12 X 12 Inch Scrapbook Paper Heat Transfer Papers Document","Aoibrloy","$41.99","38","1","$1,596","06/26/2023","","5","3","","131,626","6","FBA","1","Office Products","","","","https://www.amazon.com/dp/B0C9HSRWZ1"
"","","B0B5XLVPTB","12x12 Inch Scrapbook Paper Storage Organizer Construction Paper Storage 12 Slot Desktop File Sorter Scrapbook Paper Holder Wood Document Letter Tray for Home Classroom Office School Supplies","Juexica","$59.99","77","3","$4,619","07/05/2022","","3.1","25","","74,594","7","FBA","1","Office Products","","","","https://www.amazon.com/dp/B0B5XLVPTB"
"","","B0BGGY668K","VEVOR 27 Compartments Wood Literature Organizer, Adjustable Shelves, Medium Density Fiberboard Mail Center, Office Home School Storage for Files, Documents, Papers, Magazines, Grey","VEVOR","$90.00","111","5","$9,990","09/25/2022","$45.14","4.1","76","$44.86","45,404","7","AMZ","2","Office Products","Oversize","12 x 21.7 x 31.5 in","41 lb","https://www.amazon.com/dp/B0BGGY668K"
"","","B08JTL87L4","Easymanie Colorful Plastic Basket Tray, A4 Paper Baskets, Pack of 6","Easymanie","$21.55","","","$0.00","07/22/2020","$11.89","4.5","25","$9.66","1,081,193","5","FBA","1","Home & Kitchen","Standard","13.4 x 3.5 x 9.8 in","2.83 lb","https://www.amazon.com/dp/B08JTL87L4"
"","","B079LZKMF6","Officemate Plastic Hanging File Folder Frame, 18 Inch, Letter and Legal Size. 1 Set (91961)","Officemate","$18.89","1,477","62","$27,901","02/04/2018","$1.42","4.4","4,878","$17.47","3,829","6","AMZ","9","Office Products","Oversize","12.5 x 9.5 x 18 in","1.43 lb","https://www.amazon.com/dp/B079LZKMF6"
"","","B0CJ6PGV1C","Scrapbook Paper Storage Organizer, 12x12 Paper Storage Organizer, Scrapbook Storage Bin for 12' x 12' Paper- 2 Pack","tutata","$18.99","93","6","$1,766","10/31/2023","","5","1","","23,953","6","FBA","1","Arts, Crafts & Sewing","","","","https://www.amazon.com/dp/B0CJ6PGV1C"
"","","B00GY5258K","Advantus Expandable Paper Organizer, Accordion File Organizer, Important Document Holder, Clear with 12 Pockets, White, 12x12 Inches","Advantus","$17.73","180","6","$3,191","04/03/2004","$9.90","4.7","2,027","$7.83","39,615","7","AMZ","12","Office Products","Standard","13.11 x 1.38 x 13.25 in","1 lb","https://www.amazon.com/dp/B00GY5258K"
"","","B0B87FWVDB","12 x 12 Inch Paper Storage Scrapbook Paper Storage Hanging Wall File Organizer with Door Hangers Paper Storage Organizer for Office Cardstock, Craft Paper (4 Pieces)","Henoyso","$36.99","79","2","$2,922","07/31/2022","$25.65","4.7","48","$11.34","81,601","7","FBA","1","Office Products","Standard","11.61 x 2.01 x 15.67 in","2.7 lb","https://www.amazon.com/dp/B0B87FWVDB"
"","","B0C1CJ8CKV","Kosiz 6 Pcs 12 x 12 Inch Paper Storage Case Clear Portable Storage Box Transparent Storage Organizer Slim Project Case for Scrapbook Documents Photo File Magazines Office School Supplies","Kosiz","$44.99","139","5","$6,254","04/03/2023","","4","12","","42,539","7","FBA","1","Office Products","","","","https://www.amazon.com/dp/B0C1CJ8CKV"
"","","B0C8B774G1","12x12 Paper Storage Organizer, Scrapbook Paper Storage Organizer, Scrapbook Storage Bin for 12' x 12' Paper- 2 Pack","tutata","$17.99","324","6","$5,829","08/02/2023","","4.2","14","","26,979","6","FBA","1","Arts, Crafts & Sewing","","","","https://www.amazon.com/dp/B0C8B774G1"
"","","B0BWJ72X1K","Csyidio 32 Pieces 12x12 Inch Scrapbook Paper Storage Organizer with Label Stickers, Paper Storage Organizer with Sealing Design PVC and Acid-Free for Holding Scrapbook Paper, Vinyl Paper, Photos","Csyidio","$26.99","484","21","$13,063","02/21/2023","","4.7","153","","6,725","6","FBA","1","Arts, Crafts & Sewing","","","","https://www.amazon.com/dp/B0BWJ72X1K"
"","","B0CKPLPJKY","SANFURNEY 12 Tier Scrapbook Paper Organizer for Sizes 12' x 12', White Desk Scrapbook Paper Sorter Storage Rack, Scrapbook A4 Paper Holder for Home Office & Classrooms","SANFURNEY","$58.86","150","5","$8,829","10/07/2023","$38.02","5","1","$20.84","40,365","","FBA","1","Office Products","Oversize","13 x 13 x 12.2 in","5.9 lb","https://www.amazon.com/dp/B0CKPLPJKY"
"","","B0CCL4Z11D","Unarty 30 Pieces Scrapbook Paper Storage Organizer with Scrapbook Paper Holder for 12 x 12 Inch Scrapbook Paper, 60 Pieces Sticky Index Tabs, 12x12 Paper Storage Organizer","Unarty","$19.99","30","","$599.70","07/21/2023","","5","8","","166,905","7","FBA","1","Arts, Crafts & Sewing","","","","https://www.amazon.com/dp/B0CCL4Z11D"
"","","B0C4PJ7DFH","Caydo 3 Packs Scrapbook Paper Storage, 12 x 12 Inch Hanging Paper Storage Pocket with 9PCS Door Hooks for Holding Vinyl Sheets, Office Paper","Caydo","$29.99","107","4","$3,209","05/08/2023","$13.13","4.8","35","$16.86","38,691","7","FBA","1","Arts, Crafts & Sewing","Oversize","0.16 x 14.17 x 47.24 in","1.98 lb","https://www.amazon.com/dp/B0C4PJ7DFH"
"","","B0C3B6KY7T","Caydo 36 Pieces Scrapbook Paper Storage with Buckle Design, Plastic Scrapbook Paper Organizer with 100 Pieces Multicolor Sticky Index Tabs for holding 12 x 12 Inch Paper, Vinyl Paper","Caydo","$28.99","181","4","$5,247","04/22/2023","$18.85","4.5","77","$10.14","38,373","6","FBA","1","Arts, Crafts & Sewing","Standard","12.6 x 0.04 x 13 in","2.68 lb","https://www.amazon.com/dp/B0C3B6KY7T"
"","","B0BG3JBLRQ","Samsill Scrapbook Paper Storage Organizer, 6 Count of Individual Top Loading Files with Customizable Tabs, Holds 12 x 12 Inch Scrapbook Paper, Vinyl Paper, Photos, Clear, PVC and Acid Free, 6 Pack","Samsill","$12.49","160","10","$1,998","09/20/2022","$7.08","4.7","138","$5.41","15,888","7","FBA","1","Arts, Crafts & Sewing","Standard","13.5 x 0.5 x 13.5 in","0.8 oz","https://www.amazon.com/dp/B0BG3JBLRQ"
"","","B0C8J58CKJ","12x12 Paper Storage Organizer, Scrapbook Paper Storage Organizer, 12x12 LP Storage Organizer, Scrapbook Storage Bin for 12' x 12' Paper- 2 Pack","tutata","$17.99","30","1","$539.70","09/03/2023","","","","","145,583","7","FBA","1","Office Products","","","","https://www.amazon.com/dp/B0C8J58CKJ"
"","","B0C8N69HFZ","Aoibrloy 50PCS Scrapbook Paper Storage with 120PCS Sticky Index Tabs Scrapbook Paper Storage Organizer for Holding 12 x 12 Inch Scrapbook Paper, Paper Files, Cardstock and Vinyl Paper","Aoibrloy","$25.99","60","3","$1,559","06/19/2023","","4.6","6","","50,886","7","FBA","1","Arts, Crafts & Sewing","","","","https://www.amazon.com/dp/B0C8N69HFZ"
"","","B09KZ6TMFH","Samsill Scrapbook Paper Storage Organizer, 12 Count of Individual Top Loading Files with Customizable Tabs, Holds 12 x 12 Inch Scrapbook Paper, Vinyl Paper, Photos, Clear, PVC and Acid Free, 12 Pack","Samsill","$15.99","294","9","$4,701","11/02/2021","$10.05","4.7","366","$5.94","16,262","7","FBA","1","Arts, Crafts & Sewing","Standard","12.15 x 0.5 x 12.7 in","4.9 oz","https://www.amazon.com/dp/B09KZ6TMFH"
"","","B0C694W44D","SONGWAY Scrapbook Paper Organizer 12x12-7 Tier File Organizer for Desk, Scrapbook Paper Storage, Paper Holder, 12x12 Stackable Paper Trays, Desktop Paper Storage Organizer Cube for Home Office","SONGWAY","$42.99","450","15","$19,346","05/24/2023","","4.1","22","","16,661","7","FBA","1","Office Products","","","","https://www.amazon.com/dp/B0C694W44D"
"","","B0BZNXYHYZ","DOSTATNI 5 Pieces 1212 Scrapbook Paper Storage Scrapbook Paper Holder 12x12 file folders for scrapbook pape 12 x 12 craft paper storage for Desk Office Organization School & Home Supplies","DOSTATNI","$24.99","","","$0.00","03/26/2023","","","","","337,555","7","FBA","1","Office Products","","","","https://www.amazon.com/dp/B0BZNXYHYZ"
"","","B0B1TXFZG4","12 x 12 Scrapbook Paper Storage Organizer Clear Top Loading Files Plastic Paper Holder with Customizable Tabs for Holding Paper Photos Vinyl Paper Scrapbook Paper (20 Set)","Teling","$17.99","281","13","$5,055","05/19/2022","$10.15","4.5","106","$7.84","19,179","6","FBA","1","Office Products","Standard","13.4 x 1.5 x 13.8 in","1.7 lb","https://www.amazon.com/dp/B0B1TXFZG4"
"","","B0CLLT327H","Foldable Scrapbook Paper Storage Organizer, 12x12 Scrapbook Paper Storage, Plastic File Organizer, White, 3 Pack","tutata","$13.99","129","7","$1,805","12/05/2023","$5.46","3.7","3","$8.53","20,945","4","FBA","1","Arts, Crafts & Sewing","Standard","4.1 x 9.6 x 12.6 in","1.22 lb","https://www.amazon.com/dp/B0CLLT327H"
"","","B0CN31LHGG","Caydo 6 Pieces Vertical Scrapbook Paper Storage Foldable Scrapbook Paper Holder with 12 Pieces Sticky Index Tabs for 12x12 Paper Storage Organizer, Files, Vinyl, Cardstock, Magazines, Documents","Caydo","$29.99","150","5","$4,499","12/18/2023","","5","3","","30,356","","FBA","1","Arts, Crafts & Sewing","","","","https://www.amazon.com/dp/B0CN31LHGG"
"","","B0CCDNHGJJ","Foldable Scrapbook Paper Storage Organizer, 12x12 Scrapbook Paper Storage, Plastic File Organizer, Black, 3 Pack","tutata","$13.99","140","4","$1,959","09/21/2023","","3.7","9","","36,538","6","FBA","1","Arts, Crafts & Sewing","","","","https://www.amazon.com/dp/B0CCDNHGJJ"
"","","B0C6M7577Q","Hukado 30 Pieces Scrapbook Paper Storage Organizer with 36 Coloful Sticky Index Tabs, 13' x 12.6' Clear Paper Storage Bag for 12 x 12 Inch Scrapbooking Paper, Vinyl Record, Vinyl Paper and Cardstock","Hukado","$19.99","120","4","$2,399","05/29/2023","","4.7","11","","36,591","","FBA","1","Arts, Crafts & Sewing","","","","https://www.amazon.com/dp/B0C6M7577Q"
"","","B0CNXX2H2B","CYEAH 50 Pcs Scrapbook Paper Storage with Buckle Design, 12 x 12 Inch Clear Scrapbook Paper Organizer with 60 Pcs Sticky Index Tabs, Plastic Paper Holder for Holding Scrapbook Vinyl Paper Files Photo","","$32.99","","","","","","","","","441,005","","FBA","","Arts, Crafts & Sewing","","","","https://www.amazon.com/dp/B0CNXX2H2B"
"","","B0BGXBGJ8V","12 x 12 Inches Scrapbook Tabbed Dividers Scrapbook Paper Storage Dividers Page Dividers with Labels for Storage Box Cards File Holder (12 Pieces)","Tinlade","$13.99","90","4","$1,259","09/29/2022","$8.82","4","31","$5.17","54,036","6","FBA","1","Office Products","Standard","11.81 x 0.62 x 11.81 in","11.6 oz","https://www.amazon.com/dp/B0BGXBGJ8V"
"","","B0BJV7Z986","24 Pcs 12 x 12 Scrapbook Paper Storage Organizer Top Loading Plastic Paper Holder Craft Paper Storage Scrapbook Organization and Storage for Holding Scrapbook Paper Vinyl Paper Files Photos, Clear","Henoyso","$24.99","245","7","$6,123","10/19/2022","$14.81","4.6","37","$10.18","22,414","6","FBA","1","Arts, Crafts & Sewing","Standard","12.99 x 2.95 x 12.99 in","1.96 lb","https://www.amazon.com/dp/B0BJV7Z986"
"","","B0C73JPVJD","12 x 12 Paper Storage, Door Hanging Organizer for Vinyl, HTV Sheets, Cardstock, Scrapbook, Cut Mat Holder, Pack of 2","","$24.99","120","4","$2,999","","","5","3","","40,444","","FBA","","Arts, Crafts & Sewing","","","","https://www.amazon.com/dp/B0C73JPVJD"
"","","B0CNJJ3JLG","ReliThick 2 Pcs Wood Scrapbook Paper Storage Organizer for Holding 12 x 12 inch Paper Storage Box Album Holders for Vinyl Records Stand 8 Slot Desktop Rack Paper Storage Shelf Portfolio Filing Crate","ReliThick","$69.99","90","3","$6,299","11/15/2023","$50.66","","","$19.33","57,275","7","FBA","1","Arts, Crafts & Sewing","Standard","13.78 x 6.69 x 13.78 in","11.44 lb","https://www.amazon.com/dp/B0CNJJ3JLG"
"","","B0C7P8SL3G","100Pcs Scrapbook Paper Storage Organizer, 12 x 12 Inch Scrapbook Paper Storage with 120 Sticky Index Tabs for Holding Scrapbook Paper, Vinyl Paper, Photos, Paper Files, Clear, Cardstock","FVSEC","$39.99","25","1","$1,000","06/10/2023","","5","2","","146,797","7","FBA","1","Arts, Crafts & Sewing","","","","https://www.amazon.com/dp/B0C7P8SL3G"
"","","B0B6F1XCGK","36 Pcs 12 x 12 Inch Scrapbook Paper Storage Scrapbook Vinyl Storage Paper Organizer Clear Loading Files Plastic Paper Holder with 4 Sheets Clear PVC Tabs for Holding Paper, Vinyl Paper, Photos","Henoyso","$25.99","42","2","$1,092","07/12/2022","$16.95","4.5","49","$9.04","79,281","6","FBA","1","Arts, Crafts & Sewing","Standard","13.54 x 1.1 x 13.98 in","1.21 lb","https://www.amazon.com/dp/B0B6F1XCGK"
"","","B00BRG5IHG","ArtBin 6913AB Portable Art & Craft Organizer with Handle, Holds Up to 12' x 12' Paper, [1] Plastic Storage Case, Clear","ArtBin","$12.15","1,092","31","$13,268","02/17/2013","$-0.13","4.8","814","$12.28","4,408","7","AMZ","9","Arts, Crafts & Sewing","Oversize","14.25 x 14.25 x 3 in","1.25 lb","https://www.amazon.com/dp/B00BRG5IHG"
"","","B0B1HNHLBS","HUIKE 4 PCS Square Extra Large Portable Project Case for A4 File Box Transparent Plastic Case Document Box Paper Protector Desk Paper Organizers Case Office Supplies Holder (4 PCS)","EIVENNKO","$26.99","90","3","$2,429","05/16/2022","$19.87","4.9","16","$7.12","69,778","7","FBA","1","Office Products","Standard","12 x 0.5 x 12 in","0.5 lb","https://www.amazon.com/dp/B0B1HNHLBS"
"","","B0C4T2WBGV","TOTiyea 24PCS Scrapbook Paper Storage Organizer, 12x12 Inch Clear Scrapbook Paper Organizer with 100PCS Sticky Index Tabs, Holds Scrapbook Paper, Cardstock, Vinyl Paper","TOTiyea","$19.99","","","$94.95","07/30/2023","","4","3","","160,288","6","FBA","1","Arts, Crafts & Sewing","","","","https://www.amazon.com/dp/B0C4T2WBGV"
"","","B0BY2QP2CD","Thenshop 6 Pcs 12 x 12 Cardboard Magazine Holder with 12 Labels Vertical Magazine File Holder Paper Storage Document File Organizer Box for Office School Classroom Home, White","Thenshop","$23.99","54","3","$1,295","03/09/2023","$9.93","4.5","10","$14.06","61,883","7","FBA","1","Office Products","Oversize","17.56 x 1.61 x 17.95 in","1.94 lb","https://www.amazon.com/dp/B0BY2QP2CD"
"","","B0BZVQ777Z","Caydo Scrapbook Paper Organizer, 3 Pack Black Expanding Paper Folio with Handle, Clear Portable Scrapbook Paper Storage for Holding 12 x 12 Inch Scrapbook, Vinyl Paper","Caydo","$21.99","368","10","$8,092","03/28/2023","","4.8","180","","14,728","6","FBA","1","Arts, Crafts & Sewing","","","","https://www.amazon.com/dp/B0BZVQ777Z"
"","","B0BYSVY6JY","Eaasty 120 Pcs 12x12 Inch Scrapbook Paper Storage Organizer with 200 Pcs Sticky Index Tabs Plastic Vinyl Storage Organizer with Buckle Design for Kids Students Teachers School Classroom Rewards Gift","Eaasty","$37.99","","","$0.00","03/16/2023","","5","3","","426,567","7","FBA","1","Arts, Crafts & Sewing","","","","https://www.amazon.com/dp/B0BYSVY6JY"
"","","B0C9M5YCP7","Aoibrloy 3 PCS Scrapbook Paper Storage for Holding 12 x 12 Inch Scrapbook, Black Portable Paper Storage Organizer with Handle for Storing Heat Transfer Papers Document Letter Envelope","Aoibrloy","$18.99","79","4","$1,500","06/27/2023","","4.9","10","","42,063","7","FBA","1","Arts, Crafts & Sewing","","","","https://www.amazon.com/dp/B0C9M5YCP7"
"","","B076X1YDV4","Binder Way - Paper Rack, Scrapbook 12x12 Holder, Desktop Organizer, Vinyl Record Stand, LP Album Box, Filing Crate, Lever Arch Book Shelf, Ring Binder Cube, Stackable","Binder Way","$34.27","76","1","$2,605","10/27/2017","$22.40","4.5","540","$11.87","109,807","6","FBA","2","Office Products","Standard","13.74 x 15.16 x 3.11 in","3.699 lb","https://www.amazon.com/dp/B076X1YDV4"