"Export time:  1/29/2024, 5:38:52 PM","","ASIN","Product Name","Brand","Price","Monthly Units Sold","Daily Units Sold","Monthly Revenue","Date First Available","Net Revenue","Star Rating","Reviews","Amazon Fees","BSR","LQS","Seller Type","Sellers","Category","Product Tier","Dimensions","Weight","Link"
"","","B09MXL1W9H","ProKeeper+ 9 Piece Clear Plastic Airtight Food Flour and Sugar Baker's Kitchen Storage Organization Container Canister Set with Magnetic Accessories","Progressive International","$69.99","6,563","215","$459,344","12/01/2021","$46.39","4.7","986","$23.60","764","6","FBA","4","Kitchen & Dining","Oversize","11 x 12 x 12 in","5 lb","https://www.amazon.com/dp/B09MXL1W9H"
"magnetic storage containers","","B078YDP6RJ","Ybmhome Wire Mesh Magnetic Storage Basket, Trash Caddy, Container, Desk Tray, Office Supply Organizer Silver for Refrigerator/Microwave Oven or Magnetic Surface in Kitchen or Office (1, Medium)","YBM HOME","$18.99","124","4","$2,355","01/10/2018","$10.85","4.6","323","$8.14","55,765","7","FBA","2","Office Products","Standard","4.3 x 4.3 x 7.75 in","1 lb","https://www.amazon.com/dp/B078YDP6RJ"
"Average Monthly Sales: 1,969","","B0BW15VK2G","Progressive International PKS-401 1.5 Cup Mini Prokeeper + Airtight Silicone Seal Storage Container Great For Spices & Baking Acessories Set of 6 (PKS-401 (6-Pack))","Progressive International","$44.95","1,057","38","$47,512","02/15/2023","$24.71","4.6","78","$20.24","7,166","6","FBA","2","Kitchen & Dining","Oversize","12 x 12 x 12 in","2.23 lb","https://www.amazon.com/dp/B0BW15VK2G"
"Average Revenue: $47,637","","B0CD88CN3Y","MyGift 4 Pcs Industrial Matte Black Metal Wire Mesh Magnetic Office Baskets with Mail Sorter, File Storage Organizer, and Stationery Marker Pen Holders","MyGift","$34.99","","","$0.00","07/30/2023","$23.16","","","$11.83","408,036","6","FBA","1","Office Products","Standard","4.3 x 4.4 x 10.6 in","3.75 lb","https://www.amazon.com/dp/B0CD88CN3Y"
"Average Price: $26.36","","B0CNR7YSLB","1 Set Magnetic Shelf for Refrigerator with Wood Lid, Fruit Potato & Onion Storage Bins, Pantry Organizers & Storage, Large Container Magnetic Spice Rack for Refrigerator, Kitchen Counter, Cabinet","Ofiray-home","$28.98","292","9","$8,462","01/16/2024","","4.3","40","","31,559","7","FBA","1","Kitchen & Dining","","","","https://www.amazon.com/dp/B0CNR7YSLB"
"Average No. of Ratings: 1,538","","B087C71HPF","MR. LID Premium Attached Storage Containers | Permanently Attached Plastic Lid, Never Lose | Space Saving (7 piece set)","MR. LID","$23.99","190","10","$4,558","02/04/2020","$13.96","4.7","431","$10.03","27,410","6","FBA","1","Kitchen & Dining","Standard","8.19 x 6.1 x 10.83 in","1.49 lb","https://www.amazon.com/dp/B087C71HPF"
"Average Sales Rank: 74,646","","B09GW2T4H4","ClearSpace Plastic Storage Bins With lids  Perfect Kitchen Fridge Organizer, Pantry Organization, Cabinet Organizers - 8 Pack","ClearSpace","$69.99","4,158","214","$291,018","04/17/2022","$46.37","4.7","1,214","$23.62","773","6","FBA","6","Kitchen & Dining","Oversize","11.61 x 18.07 x 7.83 in","11.881 lb","https://www.amazon.com/dp/B09GW2T4H4"
"Average Rating Number: 4.5","","B0787183NR","Mr. Lid Premium Attached Storage Containers | Permanently Attached Plastic Lid, Never Lose | Space Saving (17 Piece Set)","MR. LID","$41.99","233","14","$9,784","12/10/2017","$28.66","4.7","1,929","$13.33","19,826","6","FBA","1","Kitchen & Dining","Standard","7.37 x 9 x 11.87 in","2.79 lb","https://www.amazon.com/dp/B0787183NR"
"","","B07RP59GBV","IMPRESA Hexagonal Glass Magnetic Spice Jars - 15 Pack - Spice Storage Containers with Stainless Steel Magnet Lids - Includes 60 Labels - Designed for Fridge and Backsplash Organization","IMPRESA","$39.99","127","4","$5,079","05/08/2019","$28.20","4","1,875","$11.79","56,938","7","FBA","2","Kitchen & Dining","Standard","1.75 x 2 x 1.75 in","2.25 lb","https://www.amazon.com/dp/B07RP59GBV"
"","","B0C5DHXTNN","Aufworld Magnetic Spice Rack for Refrigerator, 3 Pack Magnetic Shelf, Moveable Magnetic Fridge Organizer with 8-Hook Rack for Kitchen Organization and Storage (3 Pack)","Aufworld","$19.99","1,864","64","$37,261","05/15/2023","","4.8","333","","3,916","7","FBA","1","Kitchen & Dining","","","","https://www.amazon.com/dp/B0C5DHXTNN"
"","","B08VPFB5L8","Amazon Basics Mesh Magnetic Storage Bins, Pack of 3, Black, 14.8 x 6.5 x 5.4 cm","Amazon Basics","$20.98","5,554","162","$116,523","09/13/2021","$14.06","4.7","10,102","$6.92","1,166","6","AMZ","3","Office Products","Standard","5.83 x 2.13 x 2.56 in","9.8 oz","https://www.amazon.com/dp/B08VPFB5L8"
"","","B08XN4ZWLC","MyGift Premium Clear Acrylic Magnetic Dry Erase Marker Holder And Office Supplies Storage Containers, 4 Piece Set Includes 1 Tray and 3 Cubed Boxes","MyGift","$29.99","43","1","$1,290","02/25/2021","$20.97","4.3","19","$9.02","133,875","6","FBA","1","Office Products","Standard","2.75 x 3.14 x 7.87 in","14.1 oz","https://www.amazon.com/dp/B08XN4ZWLC"
"","","B08YVPRXTS","HOMGEN 12PCS Magnetic Spice Containers Stainless Steel Magnetic Spice Jars Set 3.4oz Magnetic Spice Jars for Refrigerator BBQ Magnet Spice Tins Set with Lids Labels and Chassis for Kitchen Camping etc","HOMGEN","$25.58","148","5","$3,786","09/29/2020","$15.95","4.3","784","$9.63","50,574","7","FBA","1","Kitchen & Dining","Standard","8.66 x 2.36 x 11.81 in","2.42 lb","https://www.amazon.com/dp/B08YVPRXTS"
"","","B0CHDXLJMJ","Tandefio 2 Pcs 17 Inch Metal Magnetic Book Shelf for Whiteboard Classroom, with 2 Pcs Magnetic Pen Holders 2.24 Inch and 4.92 Inch for Teacher Kids Room Office and Refrigerator","Tandefio","$39.99","","","$0.00","12/28/2023","","5","1","","364,734","","FBA","1","Office Products","","","","https://www.amazon.com/dp/B0CHDXLJMJ"
"","","B0BJPHGPCK","loukin Magnetic Marker Holder, Dry Erase Marker Holder, Remote Control Holder, Magnetic Storage Organizer for Whiteboard or Refrigerators (Green)","loukin","$11.39","468","17","$5,331","10/19/2022","$6.14","4.4","73","$5.25","14,408","6","FBA","1","Office Products","Standard","1.97 x 3.54 x 5.12 in","3.35 oz","https://www.amazon.com/dp/B0BJPHGPCK"
"","","B09J4T9YG2","Ganydet Black Magnetic Basket Set of 2, Magnetic Pen Holder Refrigerator Basket, Magnetic Holder for Refrigerator Locker Whiteboard Office, 3.2''  2.2''  2.4''","Ganydet","$15.99","201","6","$3,214","10/10/2021","$10.05","4.4","203","$5.94","36,442","6","FBA","1","Office Products","Standard","4.13 x 5 x 2.99 in","0.37 lb","https://www.amazon.com/dp/B09J4T9YG2"
"","","B09WMSLRZM","OPTSPTOY 1 Pack Magnetic Marker Holder, Dry Erase Marker Holder Chalk Pen Storage Organizer for Whiteboard/Blackboard, Fridge/Regrigerator, Metal Locker, and Cabinet, (Black)","OPTSPTOY","$7.99","150","5","$1,199","03/27/2022","$3.25","4.6","48","$4.74","43,338","6","FBA","1","Office Products","Standard","5 x 5.12 x 1.85 in","0.37 lb","https://www.amazon.com/dp/B09WMSLRZM"
"","","B01MT3HOER","Learning Resources Magnetic Create-a-Space Storage Boxes (Set of 4)","Learning Resources","$16.99","68","2","$1,155","12/31/2016","$9.30","4.1","625","$7.69","106,038","6","AMZ","7","Office Products","Standard","5.709 x 10.433 x 2.953 in","1.08 lb","https://www.amazon.com/dp/B01MT3HOER"
"","","B0966Q5CNC","MoKo Magnetic Dry Erase Marker Holder, Widen Magnetic Marker Pen Storage for Whiteboard, Refrigerator, Locker, Laundry Storage Basket Lint Holder Bin for Dryer, Washing Machine, White","MoKo","$15.99","90","3","$1,439","05/29/2021","$9.82","4.7","194","$6.17","60,049","6","FBA","2","Office Products","Standard","4.606 x 9.724 x 3.268 in","0.701 lb","https://www.amazon.com/dp/B0966Q5CNC"
"","","B09C8DKB2B","Clemate Large Shoe Storage Box, 8 PACK, Shoe Organizer Shoe Box Clear Plastic Stackable, Drop Front Shoe Box with Magnetic Door, Shoe Containers For Sneaker Display, Fit up to US Size 13","Clemate","$51.99","2,428","71","$126,232","08/09/2021","$35.36","4.4","1,366","$16.63","12,036","6","FBA","3","Home & Kitchen","Standard","11.1 x 17.83 x 7.95 in","11.991 lb","https://www.amazon.com/dp/B09C8DKB2B"
"","","B074HR87M8","Ybmhome Wire Mesh Magnetic Storage Basket, Trash Caddy, Container, Desk Tray, Office Supply Organizer Silver for Refrigerator/Microwave Oven or Magnetic Surface in Kitchen or Office (1, Large)","YBM HOME","$25.95","104","2","$2,699","08/01/2017","$17.54","4.7","436","$8.41","81,773","7","FBA","2","Office Products","Standard","5.5 x 5 x 11 in","14.4 oz","https://www.amazon.com/dp/B074HR87M8"
"","","B0BXLQ13HB","PAKAHEY 3 Tier Magnetic File Holder,No Drilling Folder Holder File Mail Organizer with Hooks keys holders for file cabinets,refrigerator,whiteboard,Magnetic Paper Holder for Home,Office,Kitchen","PAKAHEY","$28.99","113","5","$3,276","03/05/2023","$17.91","4.4","32","$11.08","40,647","7","FBA","1","Office Products","Standard","13.9 x 11.4 x 3.7 in","3.32 lb","https://www.amazon.com/dp/B0BXLQ13HB"
"","","B0C9LSBFCT","Buyyyit Magnetic Utensil Caddy, Magnetic Pencil Holder, Magnetic Basket for Fridge, Whiteboard Marker Holder, Organizer for Forks Spoons Cutlery Flatware Pencil (Black)","Buyyyit","$21.99","30","1","$659.70","","","4.2","13","","114,759","","FBA","","Office Products","","","","https://www.amazon.com/dp/B0C9LSBFCT"
"","","B0BKSX3P8P","Lunhoo Magnetic Spice Rack, Super Strong Magnetic Shelf, Fridge Spice Holder, Carbon Steel, Black Matte, Large, 11.8' x 4.8' x 5.1'","Lunhoo","$15.99","","","$0.00","10/27/2022","","4.4","6","","473,405","6","FBA","1","Kitchen & Dining","","","","https://www.amazon.com/dp/B0BKSX3P8P"
"","","B08THSNRFV","Hioffice Magnetic Pencil Holder,3 Pack Magnetic Storage Basket Organizer,Extra Strong Magnets Pen Holder, for Your Whiteboard, Fridge, Cubicle Desks, Locker Accessories","Hioffice","$11.99","331","13","$3,969","01/17/2021","$6.42","4.7","572","$5.57","18,079","6","FBA","1","Office Products","Standard","7.1 x 4.9 x 3.3 in","11.1 oz","https://www.amazon.com/dp/B08THSNRFV"
"","","B09YMNJX34","Waterproof Magnetic Locking Storage Box with Inner Dividers, Hide-A-Key Magnet Mount Box, Black, Medium","Generic","$22.99","77","3","$1,770","04/21/2022","$15.77","4","57","$7.22","62,171","6","FBA","2","Office Products","Standard","5 x 1.7 x 6 in","11.7 oz","https://www.amazon.com/dp/B09YMNJX34"
"","","B07YL6MPTG","Magnetic Basket Set of 2 - Mesh Organizer and Holder on White Board for Dry Erase Markers or in Locker - Magnet Shelves for Refrigerator - Pen Holder or Desk Storage for Office (Black-2 pcs)","GoSupplyWise","$15.99","301","17","$4,813","09/28/2019","$9.82","4.3","938","$6.17","14,551","7","FBA","1","Office Products","Standard","2.28 x 6.3 x 3.54 in","8.8 oz","https://www.amazon.com/dp/B07YL6MPTG"
"","","B0C3H9MJQV","HuggieGems 4 Pack Magnetic Spice Storage Rack Organizer for Refrigerator and Oven, Black Fridge Organizers and Storage","HuggieGems","$24.99","14,999","420","$374,825","04/24/2023","","4.9","876","","250","6","FBA","2","Kitchen & Dining","","","","https://www.amazon.com/dp/B0C3H9MJQV"
"","","B0CF2H92H6","YFXCVSL 10 Pack Shoe Organizer, Upgrade Sturdy Shoe Boxes Stackable Shoe Storage Containers with Magnetic Door, Thicken Sneaker Storage Fit up to US Size 12, Black","YFXCVSL","$39.99","180","6","$7,198","","","4.3","6","","137,684","","FBA","","Home & Kitchen","","","","https://www.amazon.com/dp/B0CF2H92H6"
"","","B016ZHJ9JY","Honey-Can-Do Stumpy - White PER004 White 5 lbs","Honey-Can-Do","$11.50","173","5","$1,990","03/13/2016","$3.99","4.8","317","$7.52","182,185","5","AMZ","1","Home & Kitchen","Standard","7.99 x 10.87 x 3.39 in","0.97 lb","https://www.amazon.com/dp/B016ZHJ9JY"
"","","B0CN8YZ55G","Beveetio Powerful Magnetic File Holder, Magnetic Paper Holder With Mesh Pockets, 2 Pack Wall File Organizer, Black Wall Organizer For Office, Magnetic Magazine Holder For File Cabinets","Beveetio","$23.99","30","1","$719.70","11/13/2023","$13.96","5","3","$10.03","147,332","6","FBA","1","Office Products","Standard","9.13 x 1.69 x 13.46 in","3.91 lb","https://www.amazon.com/dp/B0CN8YZ55G"
"","","B0CG1TTZMK","Jetec 4 Pcs Magnetic File Holder for File Cabinets Magnetic Paper Holder Black Magnetic File Organizer No Drilling Office Hanging Magazine Rack for Refrigerator, Whiteboard","Jetec","$47.99","","","$0.00","08/17/2023","$33.01","","","$14.98","276,508","7","FBA","1","Office Products","Standard","13.78 x 4.73 x 14.18 in","5.51 lb","https://www.amazon.com/dp/B0CG1TTZMK"
"","","B09ZTY52Y9","Simetufy Magnetic Glass Whiteboard Accessory Holder for Markers, Pens, Pencils - Fridge, Lockers, Whiteboards - Transparent, 1 Pack","Simetufy","$9.98","2,454","76","$24,491","05/08/2022","$5.41","4.8","433","$4.57","3,027","6","FBA","1","Office Products","Standard","0.01 x 4.7 x 4 in","7 oz","https://www.amazon.com/dp/B09ZTY52Y9"
"","","B0CC7DYHXG","Aufworld Magnetic Spice Rack for Refrigerator, 5 Pack Magnetic Shelf, Moveable Magnetic Fridge Organizer with 8-Hook Rack, Seasoning Organizer for Kitchen Organization and Storage (5 Pack)","Aufworld","$29.99","1,856","64","$55,661","05/15/2023","","4.8","333","","3,916","7","FBA","2","Kitchen & Dining","","","","https://www.amazon.com/dp/B0CC7DYHXG"
"","","B0B2QBSKV9","Vetacsion 4 Pack Moveable Fridge Magnetic Spice Racks,Metal Black","Vetacsion","$38.99","3,611","86","$140,793","07/01/2022","$26.71","4.8","4,475","$12.28","2,733","5","FBA","1","Kitchen & Dining","Standard","4.1 x 2.8 x 11.8 in","3.65 lb","https://www.amazon.com/dp/B0B2QBSKV9"
"","","B0787Q54M1","Neosmuk Magnetic Hooks, 27 lb+ Heavy Duty Earth Magnets with Hook for Refrigerator, Extra Strong Cruise Hook for Hanging, Magnetic Hanger for Cabins, Grill (Silver White, Pack of 10)","Neosmuk","$7.80","43,013","1,400","$335,501","11/29/2017","$3.94","4.5","50,040","$3.86","7","7","FBA","1","Industrial & Scientific","Standard","0.63 x 1.34 x 1.34 in","0.31 lb","https://www.amazon.com/dp/B0787Q54M1"
"","","B0BMPV5XQL","Mystozer 4-Pack Magnetic Spice Rack Organizer for Refrigerator, Plastic Fridge Shelf, Black","Mystozer","$23.99","186","3","$4,462","11/16/2022","$15.25","4.8","222","$8.74","74,714","6","FBA","1","Kitchen & Dining","Standard","10.94 x 2.95 x 3.93 in","1 lb","https://www.amazon.com/dp/B0BMPV5XQL"
"","","B08DNPW2HX","VICNOVA Magnetic Pencil Holder, Metal Magnetic Pen Holder Strong Magnets Magnetic Storage Basket Organizer for Whiteboard Refrigerator Locker Accessories Teacher Must Haves Classroom Organization","VICNOVA","$13.99","777","27","$10,870","07/26/2021","$6.75","4.7","874","$7.24","9,333","6","FBA","1","Office Products","Standard","5.236 x 11.26 x 3.583 in","1.135 lb","https://www.amazon.com/dp/B08DNPW2HX"
"","","B0CJ48KCSM","Suclain 8 Pcs Food Storage Container with Lids Set 4qt and 6qt Square Clear Commercial Containers with Scales Handles for Home Restaurant Marinating Meat Proof Dough Kitchen Food Storage (Red)","Suclain","$69.99","150","5","$10,499","09/14/2023","$47.13","4.7","7","$22.86","52,284","7","FBA","1","Kitchen & Dining","Oversize","9.05 x 9.05 x 12.99 in","9.03 lb","https://www.amazon.com/dp/B0CJ48KCSM"
"","","B0C2TDVRZF","30' Stove Top Spice Rack,Silicone Top Heat Material Magnetic Stove Top Shelf Zero Installation Flexible Spice Organizer Containers Kitchen Shelf Gadgets with 2 Functional Prtitions for Kitchen Storage","BFONS","$15.99","176","4","$2,814","04/17/2023","","4.1","219","","56,283","7","FBA","1","Kitchen & Dining","","","","https://www.amazon.com/dp/B0C2TDVRZF"
"","","B0CQ4W98ZQ","SUBEKYU Magnetic Dryer Ball Holder for Laundry Room,Iron Dryer Ball Dispenser for Laundry Storage Container,Laundry Dryer Balls Organizer,Magnetic Dryer Ball Basket,Black (No Balls)","SUBEKYU","$24.99","410","15","$10,246","12/12/2023","$15.45","","","$9.54","62,841","","FBA","1","Home & Kitchen","Standard","3.5 x 9.8 x 6.5 in","3 lb","https://www.amazon.com/dp/B0CQ4W98ZQ"
"","","B0B42B6NZF","【Thicken & Sturdy】Clear Shoe Storage Organizer with Magnetic Door, Stackable Boxes for Closet, Foldable Space-Saving Shoe Rack for Sneaker Boot Container, Plastic Shoe Box 6 Pack, White","7 code","$35.96","8,189","439","$294,476","06/13/2022","$26.05","4.5","1,553","$9.91","859","7","FBA","6","Home & Kitchen","Standard","10.6 x 7.5 x 13.5 in","16 oz","https://www.amazon.com/dp/B0B42B6NZF"
"","","B0CJHVF7PF","WUIVIUT Acrylic Magnetic Spice Rack with one dinnerware Container fridge kitchenette Tools Storage Kitchen Magnetic Storage Rack Reusable Spice Shelf (2 Pack)","WUIVIUT","$15.99","60","2","$959.40","09/20/2023","$8.90","3.9","16","$7.09","115,171","7","FBA","1","Kitchen & Dining","Standard","3.23 x 3.03 x 17.6 in","1.54 lb","https://www.amazon.com/dp/B0CJHVF7PF"
"","","B0C77YGHDN","DTUQYX Magnetic Spice Rack, Refrigerator Organizer, 6 Pack Metal Black Magnetic Shelf with Paper Towel Holder, Utensils Holder, Strong Magnets, Space Saving","DTUQYX","$24.99","3,243","79","$81,043","06/05/2023","","4.8","220","","3,063","7","AMZ","2","Kitchen & Dining","","","","https://www.amazon.com/dp/B0C77YGHDN"
"","","B0B9TB84KW","DALTACK Magnetic Pencil Holder Magnetic Shelf for the Whiteboard 3-Grid Mesh Magnetic Pen Holder for Refrigerator Magnetic Organizer Locker Accessories Organizer for Home, School and Office, Black","DALTACK","$12.99","1,123","46","$14,588","08/15/2022","$7.27","4.6","491","$5.72","5,330","6","FBA","1","Office Products","Standard","4.8 x 7.5 x 2.1 in","9.6 oz","https://www.amazon.com/dp/B0B9TB84KW"
"","","B0C39HVM4Z","Firmroot Magnetic Ziplock Bag Organizer Set | Bamboo Gallon, Quart, Sandwich and Snack Food Bag Organizer for Fridge, Drawers, or Pantry | Kitchen Drawer Organizer and Fridge Organization Set (4 pcs)","Firmroot","$18.99","81","4","$1,538","08/16/2023","$9.41","3.6","7","$9.58","64,252","7","FBA","1","Kitchen & Dining","Standard","0.01 x 4.3 x 12.2 in","4.73 lb","https://www.amazon.com/dp/B0C39HVM4Z"
"","","B094YQ77W9","LNDRY. Laundry Room Trash Can - Lint Bin - Magnetic Lint Bin for Laundry Room - Lint Bin for Laundry Room Magnetic - Laundry Lint Bin - Lint Holder Bin for Laundry Room (White)","LNDRY.","$17.99","339","8","$6,099","09/20/2021","$10.15","4.8","966","$7.84","65,104","6","FBA","1","Health & Household","Standard","3 x 9.5 x 9.5 in","1.26 lb","https://www.amazon.com/dp/B094YQ77W9"
"","","B07D12RND2","EASEPRES Magnetic Pencil Holder Set of 3 - Black Wire Mesh Storage Baskets Organizer with Strong Magnets - Perfect for Whiteboard, Refrigerator and Locker Accessories","EASEPRES","$16.95","322","15","$5,458","05/10/2018","$9.89","4.5","620","$7.06","16,303","6","FBA","1","Office Products","Standard","6.18 x 2.83 x 7.28 in","12.3 oz","https://www.amazon.com/dp/B07D12RND2"
"","","B0BGXPXW97","MFTEK Magnetic Spice Rack for Refrigerator, 4 Pack Spice Rack Organizer Strong Magnetic Shelf Seasoning Organizer, Metal Side Fridge Storage Rack, Space Saving Kitchen Organization","MFTEK","$24.99","224","9","$5,598","09/29/2022","","4.7","442","","30,723","7","FBA","1","Kitchen & Dining","","","","https://www.amazon.com/dp/B0BGXPXW97"
"","","B016ZHJ67Y","Perch Honey Can PER003 White Biggy, 10 lbs","Honey-Can-Do","$28.99","30","1","$869.70","04/09/2016","$17.35","4.3","19","$11.64","201,004","5","AMZ","1","Kitchen & Dining","Standard","10.7 x 12.7 x 3.2 in","1.9 lb","https://www.amazon.com/dp/B016ZHJ67Y"
"","","B0BN1J3WPF","SUBEKYU Magnetic Dryer Sheet Holder for Laundry Room ,Dryer Sheet Container,Iron Dryer Sheet Dispenser for Laundry Storage and Organizition, Wall Dryer Sheet Box,Fabric Sheet Holder,White","SUBEKYU","$14.99","431","19","$6,461","11/20/2022","","4.7","186","","49,755","6","FBA","1","Home & Kitchen","","","","https://www.amazon.com/dp/B0BN1J3WPF"
"","","B0CPHJFPFR","Komzon Rice Storage Containers, Collapsible 10 to 30Lbs Food Storage Bin Dispenser with Rolling Wheel and Clear Airtight Lid, BPA Free Flour, Sugar, Cereal and Dog Cat Pet food Containers","","$29.99","","","","","","4","1","","","","FBA","","","","","","https://www.amazon.com/dp/B0CPHJFPFR"
"","","B0BVBJXHX1","2 Pcs Magnetic Book Shelf for Whiteboard Magnetic Shelf Metal Floating Book Shelves for Kids Room Magnetic Book Display Shelf Magnetic Book Shelf for Kids Room Teacher Whiteboard Classroom (Silver) ","Lincia","$26.99","88","1","$2,375","02/08/2023","","4.3","65","","115,084","6","FBA","1","Office Products","","","","https://www.amazon.com/dp/B0BVBJXHX1"
"","","B0C9HWQH22","Housmile Magnetic Spice Rack, Magnetic Spice Racks for Refrigerator 5 Pack Moveable, Metal Pantry Organization and Storage, Heavy-Duty Back of Door Spice Rack for Kitchen, Black","Housmile","$25.99","243","12","$6,316","06/26/2023","","4.9","95","","23,799","7","FBA","1","Kitchen & Dining","","","","https://www.amazon.com/dp/B0C9HWQH22"
"","","B0CJRPJ915","OTECKK Magnetic Dryer Ball Holder for Laundry Room Organization and Storage, Wool Dryer Ball Organizer for Any Decor, Magnetic Nylon Bag for Laundry Room Accessories, Gray (Dryer Balls Not Included)","OTECKK","$7.99","237","6","$1,894","09/24/2023","$3.87","4.3","13","$4.12","153,077","6","FBA","1","Home & Kitchen","Standard","0.25 x 9.8 x 7.8 in","2.89 oz","https://www.amazon.com/dp/B0CJRPJ915"
"","","B091TB6Y7J","U-Pack Magnetic Spice Tins & Labels, Storage Spice Containers, Window Top w/Sift-Pour (12 Jars 48 Pre-printed and 12 Blank Labels)","U-Pack","$15.99","141","3","$2,255","04/04/2021","$8.45","4.2","136","$7.54","75,700","5","FBA","2","Kitchen & Dining","Standard","8.43 x 10.87 x 2.8 in","1.609 lb","https://www.amazon.com/dp/B091TB6Y7J"
"","","B08V8K963Y","MoKo Pack of 2 Magnetic Dry Erase Marker Holder, Magnetic Pen Pencil Holder Storage Organizer for Whiteboard, Refrigerator and Other Magnetic Surfaces, White","MoKo","$10.99","274","9","$3,011","01/27/2021","$5.57","4.7","1,933","$5.42","26,819","7","FBA","2","Office Products","Standard","5.63 x 6.181 x 1.929 in","0.661 lb","https://www.amazon.com/dp/B08V8K963Y"
"","","B09PFMGP3K","Epakh 6 Pack Magnetic Pencil Holder Metal Magnet Locker Organizers Magnet Mesh Basket Storage Desk Organizers Magnets Pen Holder Locker Accessories for School Whiteboard Refrigerator Office Supplies","Epakh","$22.99","36","1","$827.64","01/14/2022","$14.40","4.6","56","$8.59","144,968","7","FBA","1","Office Products","Standard","4.9 x 7 x 3.5 in","1.43 lb","https://www.amazon.com/dp/B09PFMGP3K"
"","","B0751589X8","Juvale 20 Pack Magnetic Spice Containers for Refrigerator with 94 Labeling Stickers, Seasoning Jars with Clear Sift and Pour Top Lids (3.4 oz)","Juvale","$26.49","196","5","$5,192","08/20/2017","$16.73","4.2","1,713","$9.76","54,321","6","FBA","1","Kitchen & Dining","Standard","2.75 x 2.25 x 2.75 in","2.12 lb","https://www.amazon.com/dp/B0751589X8"
"","","B0CB31JHWB","NiOffice Magnetic File Holder, Black, 1 Layer, 11 x 8.5 in","NiOffice","$20.99","131","2","$2,750","07/03/2023","$11.41","4.5","51","$9.58","81,411","6","FBA","1","Office Products","Standard","8.9 x 3.54 x 14.61 in","2.01 lb","https://www.amazon.com/dp/B0CB31JHWB"
"","","B0C4M6F28G","Progressive International ProKeeper+ Clear Plastic Airtight Food Baker's Kitchen Storage Organization Container Canister Set with Magnetic Accessories, 2- Piece Set (Cereal 4.2-Quart)","Progressive International","$47.99","2,150","87","$103,179","05/07/2023","$27.29","4.9","132","$20.70","2,699","7","FBA","2","Kitchen & Dining","Oversize","12 x 12 x 12 in","1.2 lb","https://www.amazon.com/dp/B0C4M6F28G"