"Export time:  2/5/2024, 2:04:39 AM","","ASIN","Product Name","Brand","Price","Monthly Units Sold","Daily Units Sold","Monthly Revenue","Date First Available","Net Revenue","Star Rating","Reviews","Amazon Fees","BSR","LQS","Seller Type","Sellers","Category","Product Tier","Dimensions","Weight","Link"
"","","B0CDWPGRZQ","ZLLZUU Under Bed Storage Containers, Plastic Under the bed Storage Bins with Wheels, Stackable Rolling Drawers Shoe Organizer with Lids, Lagre Foldable Storage Box for Clothes, Blanket, 6.5' H, 3 Pack","ZLLZUU","$119.99","90","3","$10,799","12/30/2023","","3.6","15","","258,741","","FBA","1","Home & Kitchen","","","","https://www.amazon.com/dp/B0CDWPGRZQ"
"under bed drawers","","B0B6FWSTR4","PHINOX Under Bed Storage, Under the Bed Storage Containers with Wheels, Under Bed Shoe Storage Organizer Drawer for Bedroom Clothes Shoes Blankets -2Pack","PHINOX","$49.88","2,813","81","$140,312","07/12/2022","$27.38","4.6","1,952","$22.50","10,213","7","FBA","5","Home & Kitchen","Oversize","15.7 x 6.22 x 23.6 in","8.77 lb","https://www.amazon.com/dp/B0B6FWSTR4"
"Average Monthly Sales: 1,249","","B0CMGXTH77","YIK TUNG Under Bed Storage Organizer with Storage Bag, Storage Drawer with Casters, Metal Container for Bedroom, Black, Pack of 1","YIK TUNG","$29.99","","","$0.00","11/03/2023","","","","","893,340","7","FBA","1","Home & Kitchen","","","","https://www.amazon.com/dp/B0CMGXTH77"
"Average Revenue: $65,544","","B0CBRNX7JS","Under Bed Storage with Wheels, 2 Pcs 31.5'' Large Upgraded Under Bed Storage, Tool-free Assembly Foldable Rolling Under Bed Storage for Shoes, Clothes, Toys, Blankets - Solution for Home Organization","Nonkky","$56.99","105","1","$5,984","07/12/2023","","3.9","21","","564,477","6","FBA","1","Home & Kitchen","","","","https://www.amazon.com/dp/B0CBRNX7JS"
"Average Price: $50.94","","B0BNX9DW7X","Yoleduo Under Bed Storage With Wheels Under bed Storage Containers Large Metal Foldable Space-saving Under Bed Drawer Shoe Storage Organizer on Wheels for Clothes(2 pieces, Black)","Yoleduo","$35.99","2,692","127","$96,885","12/02/2022","$15.57","4.5","481","$20.42","5,777","6","FBA","4","Home & Kitchen","Oversize","15.7 x 6.22 x 23.6 in","3.86 lb","https://www.amazon.com/dp/B0BNX9DW7X"
"Average No. of Ratings: 547","","B0C7821P14","Homeiju Under Bed Storage with Wheels, Plastic Under Bed Storage Containers with Clear Window, Foldable Underbed Storage Organizer Drawer for Clothes, Books, Toys(2 Pack)","Homeiju","$27.99","213","6","$5,962","06/05/2023","","4.6","24","","145,759","6","FBA","2","Home & Kitchen","","","","https://www.amazon.com/dp/B0C7821P14"
"Average Sales Rank: 144,590","","B0CM6V8QFM","FOUCSSOMEI Under Bed Storage with Wheels, Under Bed Drawers Heavy Duty, 2 Packs, Wooden Under Bed Storage Containers Organizer, Metal Frame, for Clothes Books Blankets, Patented Design","FOUCSSOMEI","$49.99","467","13","$23,345","12/06/2023","$27.47","4.2","11","$22.52","68,758","6","FBA","1","Home & Kitchen","Oversize","15.75 x 6.3 x 23.62 in","11 lb","https://www.amazon.com/dp/B0CM6V8QFM"
"Average Rating Number: 4.3","","B0BR91W5XC","Under Bed Storage, Under the Bed Storage Containers with Wheels, Under Bed Shoe Storage Organizer Drawer, Tool-free Assembly Metal Underbed Storage Containers for Bedroom Clothes Shoes Blankets -White","PHINOX","$33.55","2,864","81","$96,087","12/28/2022","$10.46","4.6","1,952","$23.09","10,213","7","FBA","1","Home & Kitchen","Oversize","23.6 x 6.22 x 23.6 in","5.94 lb","https://www.amazon.com/dp/B0BR91W5XC"
"","","B0CBPR26J5","Under Bed Storage 2 Pack, Stackable Under Bed Storage Containers with Wheels, Folding Plastic Storage Box with LidUnder Bed Storage Bins Drawer for Clothes, Shoes,Blankets","Corbyles","$63.99","832","31","$53,240","08/21/2023","$36.71","4.5","113","$27.28","30,061","7","FBA","2","Home & Kitchen","Oversize","15.74 x 6.49 x 32.28 in","12.98 lb","https://www.amazon.com/dp/B0CBPR26J5"
"","","B0BY1MRHWB","StorageWorks Under Bed Shoe Storage Organizer, Underbed Shoes Container with Adjustable Dividers, Beige, 2-Pack, Fits 24 Pairs","StorageWorks","$41.99","1,364","45","$57,274","06/27/2023","","4.6","335","","19,957","6","FBA","1","Home & Kitchen","","","","https://www.amazon.com/dp/B0BY1MRHWB"
"","","B0BN1SCDNS","BIETCR under bed storage containers with wheels,metal underbed storage organizer drawers for Bedroom Clothes Shoes Blankets (2PCK.BLACK)","BIETCR","$33.95","884","30","$30,012","11/20/2022","$20.93","4.5","436","$13.02","30,982","7","FBA","2","Home & Kitchen","Standard","15.3 x 2.9 x 11.4 in","8.53 lb","https://www.amazon.com/dp/B0BN1SCDNS"
"","","B08Q3HRNKY","2PCS Foldable Under Bed Storage Box with Plastic Support Liner, Handles, Zipper lid, Blankets Clothes Comforters Storage Bin Organizer for Bedroom and Closet, 29157inch, Black Grey","Omygarden","$29.99","295","10","$8,847","12/08/2020","$18.76","4.7","703","$11.23","93,027","7","FBA","2","Home & Kitchen","Standard","9.92 x 17.13 x 3.5 in","3.88 lb","https://www.amazon.com/dp/B08Q3HRNKY"
"","","B074V2CD35","IRIS USA 27.5 Qt Plastic Under Bed Storage Containers with Sliding Organizer Drawers, 4 Pack, Stackable Storage Bins for Clothes, Linens and Shoes, White","IRIS","$129.99","2,245","65","$291,828","08/14/2017","$57.72","4.1","1,646","$72.27","13,375","6","AMZ","5","Home & Kitchen","Oversize","23.75 x 29.8 x 17.9 in","23.649 lb","https://www.amazon.com/dp/B074V2CD35"
"","","B0C3CX5W6J","3rd Generation Under Bed Storage with Wheels 2-in-1 Underbed Storage Bins Containers Label Shoe Storage Organizer Drawer Bag Clear Window Solid Fabric for Bedroom Clothes Shoe Blanket (two-grey)","JIYINGDUO","$32.99","1,482","63","$48,891","04/23/2023","","4.5","227","","13,721","7","FBA","1","Home & Kitchen","","","","https://www.amazon.com/dp/B0C3CX5W6J"
"","","B08B12DNP8","Under Bed Storage, 2 Pack Underbed Storage Container Bags With Lid, Foldable Sturdy Clothes Storage Drawer Organizer W/ 3 Handles, Ultra Thick Fabric Blanket Shoe Storage Box, 30x15x6.7inch, Grey","punemi","$28.99","2,112","59","$61,227","06/15/2020","$18.21","4.5","1,445","$10.78","14,772","7","FBA","1","Home & Kitchen","Standard","10.7 x 15.5 x 3.2 in","3.699 lb","https://www.amazon.com/dp/B08B12DNP8"
"","","B0BZ7T52PP","NADAMOO Under Bed Storage with Wheels, 1 Pack Rolling Under Bed Storage Containers, Foldable Metal Under the Bed Organizer Bins for Bedroom Clothes Shoes Blankets","","$29.99","","","","","","4.2","91","","","","FBA","","","","","","https://www.amazon.com/dp/B0BZ7T52PP"
"","","B0CG641QSZ","Issimober under bed storage containers with WheelsStackable Under Bed Folding Storage Boxes Storage Plastic ContainersMulti-purpose Storage Bins with Lids for Clothes, Shoes, And Duvets-1 Pack","Issimober","$49.99","30","1","$1,500","08/20/2023","","4.2","8","","481,069","7","FBA","1","Home & Kitchen","","","","https://www.amazon.com/dp/B0CG641QSZ"
"","","B0B6G6X8VZ","Under Bed Storage, Under the Bed Storage Containers with Wheels, Under Bed Shoe Storage Organizer Drawer, Tool-free Assembly Metal Underbed Storage Containers for Bedroom Clothes Shoes Blankets -White","PHINOX","$29.88","2,852","81","$85,218","07/12/2022","$10.38","4.6","1,952","$19.50","10,213","7","FBA","1","Home & Kitchen","Oversize","15.75 x 6.3 x 23.62 in","1 lb","https://www.amazon.com/dp/B0B6G6X8VZ"
"","","B0C7QTNG83","Ofiray-home 2-Pack Solid Wood Under Bed Storage with Wheels, Underbed Drawers Underneath with Handle - Wooden Crate Clothes Storage Containers Organizer (Light Brown) - Fits Any Size Bed","Ofiray-home","$89.99","126","7","$11,339","08/02/2023","$61.85","3.7","15","$28.14","124,544","6","FBA","1","Home & Kitchen","Oversize","15.7 x 4.3 x 31.5 in","14.2 lb","https://www.amazon.com/dp/B0C7QTNG83"
"","","B0CHK3HKZ5","Under Bed Storage with Wheels-Under the Bed Storage Containers with Cover, Handle, Rolling Metal Under Bed Shoe Storage Organizer Drawer, Underbed Storage Bins for Clothes Blankets Toys Bedroom-2 Pack","GUMGLEX","$49.99","169","3","$8,448","09/06/2023","","4.4","32","","290,510","7","FBA","2","Home & Kitchen","","","","https://www.amazon.com/dp/B0CHK3HKZ5"
"","","B0CGX2FTHR","Hoyula Deep Under Bed Storage Container, 2 Pack 10' High 31' Long Large Underbed Box Storage Bins with Lids and Hard Bottom, for Closet, Bedroom, Dorms, Clothes, Bed sheets, blankets, Dark Gray","Hoyula","$42.99","561","21","$24,117","08/29/2023","$13.92","4.1","66","$29.07","44,582","7","FBA","2","Home & Kitchen","Oversize","16 x 10 x 31.5 in","4 lb","https://www.amazon.com/dp/B0CGX2FTHR"
"","","B0BN2ZCQ9C","Sineda 4 Pack Storage Bins with Lids - 19 Gallon Collapsible Storage Bins with Wheels and Door, Stackable Storage Bins for Clothing, Blankets, Books, Bedding and Toys.(19 Gal-4Pack, Green)","Sineda","$229.95","2,451","47","$563,607","01/28/2023","","4.6","768","","19,420","7","FBA","2","Home & Kitchen","","","","https://www.amazon.com/dp/B0BN2ZCQ9C"
"","","B0C3GK1L8L","JANE EYRE Under Bed Storage - Underbed Storage Container with Wheel Under the Bed Storage for Bedroom Clothes Shoes Blankets. (WHITE*2)","JANE EYRE","$39.99","103","2","$4,119","04/24/2023","","4.1","50","","307,975","6","FBA","1","Home & Kitchen","","","","https://www.amazon.com/dp/B0C3GK1L8L"
"","","B09J8JKMXB","StorageWorks Underbed Storage Box with Clear Window and Sturdy Structure, Foldable Underbed Storage Bins for Clothes, Blankets and Shoes, Gray and White Stripes, Large, 2 Pack","StorageWorks","$36.99","5,275","149","$195,122","07/28/2021","$13.38","4.8","1,219","$23.61","4,689","6","FBA","1","Home & Kitchen","Oversize","17 x 6 x 33 in","5.63 lb","https://www.amazon.com/dp/B09J8JKMXB"
"","","B0C6QFLHQR","Mr IRONSTONE Under Bed Storage Containers with Wheels, Upgraded Large Metal Under Bed Shoe Storage Holds Up to 80LBS, Rolling Under Bed Drawers Organizer for Clothes Toys Books Blanket (2 Pack, Black)","Mr IRONSTONE","$49.98","182","4","$9,096","05/30/2023","$23.66","4.3","91","$26.32","204,787","7","FBA","2","Home & Kitchen","Oversize","16.73 x 8.66 x 25.39 in","10.96 lb","https://www.amazon.com/dp/B0C6QFLHQR"
"","","B0BB7GCBVK","Under Bed Storage, Large Underbed Storage Containers with Lids, Foldable Clothes Storage Bins W/ Reinforced Handle for Bedroom Organization, Closet Organizers for Blanket, Shoe, Pillow -2 Pack, Black","boailydi","$26.99","930","32","$25,101","09/14/2022","","4.5","307","","29,105","7","FBA","1","Home & Kitchen","","","","https://www.amazon.com/dp/B0BB7GCBVK"
"","","B0C1Z145Y2","Fulpower Under Bed Storage with Wheels, 2 Pack Under Bed Storage Containers, Large Under Bed Rolling Storage with Lid, Bedroom Storage Organizer for Clothes, Shoes,Toys, Books, Blankets BLACK","Fulpower","$34.99","1,860","52","$65,081","04/09/2023","","4.4","375","","17,382","7","FBA","4","Home & Kitchen","","","","https://www.amazon.com/dp/B0C1Z145Y2"
"","","B0C69NCR2N","Under Bed Storage Organizer, Shoes Clothes Storage Containers with Clear Window, Under Bed Storage Bins Drawer for Bedroom Clothes Shoes Blankets Under Bed Storage Containers With Wheels -2PACK","Prettidecor","$29.99","120","4","$3,599","05/24/2023","","3.9","30","","192,581","7","FBA","1","Home & Kitchen","","","","https://www.amazon.com/dp/B0C69NCR2N"
"","","B0C2PWV949","MixcMax Under Bed Storage with Wheels - Rolling Underbed Storage Containers with Lid, Metal Under Bed Shoe Storage Organizer Drawer, Underbed Storage Bins for Clothes Toys Books (1 Pack, Black)","MixcMax","$24.99","368","13","$9,196","04/16/2023","","4.2","109","","71,012","7","FBA","1","Home & Kitchen","","","","https://www.amazon.com/dp/B0C2PWV949"
"","","B0C72QCTQ7","Fokyfok 2 pack Under the Bed Storage Containers,36' Underbed Storage with Wheels,Under Bed Shoe Storage,Under Bed Rolling Storage,Large Under Bed Storage,Underbed Drawers,Underbed Storage with Lid","Fokyfok","$69.99","701","24","$49,063","10/08/2023","","4.3","72","","39,581","7","FBA","1","Home & Kitchen","","","","https://www.amazon.com/dp/B0C72QCTQ7"
"","","B0CB8K8MF8","NK Phoenix Under Bed Storage with Wheels, Rolling Under Bed Storage Containers, Under Bed Drawers on Wheels, Metal Rolling Underbed Storage Organizer for Clothes, Shoes, Sheets, Toys (2 Pack)","NK Phoenix","$28.85","160","5","$4,616","09/14/2023","","4.4","47","","161,349","7","FBA","1","Home & Kitchen","","","","https://www.amazon.com/dp/B0CB8K8MF8"
"","","B0922M88FJ","StorageWorks Underbed Storage Box, Under Bed Clothes Organizer With Sturdy Structure and Ultra Thick Fabric, Ivory White, Large, 2 pack","StorageWorks","$39.99","5,220","149","$208,748","04/07/2021","$26.96","4.8","1,219","$13.03","4,689","6","FBA","3","Home & Kitchen","Standard","13.071 x 17.323 x 3.661 in","5.445 lb","https://www.amazon.com/dp/B0922M88FJ"
"","","B0BZ8C9FM1","Under Bed Storage Containers with Lid - Closet Organizer with Wheels 57.5Qt Foldable Underbed Storage Plastic Under the Bed Storage Stackable Cube Storage Dorm Room Essentials for Clothes (2 Pack)","HAIXIN","$129.99","2,600","157","$337,974","03/21/2023","$83.31","4.5","81","$46.68","4,339","7","FBA","1","Home & Kitchen","Oversize","31.89 x 13.39 x 15.94 in","15.12 lb","https://www.amazon.com/dp/B0BZ8C9FM1"
"","","B0CDP3XRXC","mascor Under Bed Storage with Wheels, 2 Pack Under Bed Rolling Storage with Clear Lid, Under Bed Storage Containers with Handle, for Clothes, Toys, Shoes, Books, Blankets, Plus two shoe bags","mascor","$39.99","60","1","$2,399","09/10/2023","","3.8","35","","536,612","6","FBA","2","Home & Kitchen","","","","https://www.amazon.com/dp/B0CDP3XRXC"
"","","B0CHYX55VC","Under Bed Storage - 4 Pack, Stackable Under Bed Storage Containers with Wheels, Folding Plastic Storage Box with LidUnder Bed Storage Bins Drawer for Clothes, Shoes,Blankets","Corbyles","$123.99","894","31","$110,847","10/03/2023","$87.71","4.5","113","$36.28","30,061","7","FBA","2","Home & Kitchen","Oversize","15.74 x 6.49 x 32.28 in","23.3 lb","https://www.amazon.com/dp/B0CHYX55VC"
"","","B0C7KG76SZ","Under Bed Storage with Wheels and Lid, Under Bed Rolling Storage with XXL Large Capacity, Under the Bed Storage for Bedroom Under Bed Storage Containers for Clothes Shoe Blanket Toy Book byAUING,2Pack","AUING","$42.99","587","32","$25,235","06/13/2023","","4.3","263","","29,006","7","FBA","2","Home & Kitchen","","","","https://www.amazon.com/dp/B0C7KG76SZ"
"","","B0CNPNPS8C","MIBYLEN 1-Pack Solid Wood Under Bed Storage Drawer with Lids, Wheels, Handles - Divided Underbed Cabinet for Closet - Wooden Crate Organizer for Clothes - Underneath Container Fit for Any Bed Size","MIBYLEN","$65.99","90","4","$5,939","01/07/2024","","4","3","","223,111","6","FBA","1","Home & Kitchen","","","","https://www.amazon.com/dp/B0CNPNPS8C"
"","","B0C3LF6KZT","UNIWA Under Bed Storage with Wheels, Upgrade 35 inch Long Under Bed Stroage Drawer, Larged Under the Bed Rolling Storage with Detachable Dust Cover for Shoes,Cloths, Toys,","UNIWA","$59.99","79","3","$4,739","04/25/2023","","4.3","40","","291,056","6","FBA","2","Home & Kitchen","","","","https://www.amazon.com/dp/B0C3LF6KZT"
"","","B0BY8RJ4XR","WOMRICH Under Bed Storage Containers with Wheels and Lids, Upgraded Metal Underbed Storage for Bedrooms, 2 Packs Black","WOMRICH","$49.98","543","60","$27,139","03/12/2023","","4.3","87","","14,603","7","FBA","4","Home & Kitchen","","","","https://www.amazon.com/dp/B0BY8RJ4XR"
"","","B0BWN4XJW9","Supowin Underbed Storage Containers 3 Pack, Large Under Bed Storage Bins with Lids, Foldable Sturdy Under the Bed Storage Drawer for Organizing Clothes, Shoes, Blankets, Pillows-Grey","Supowin","$39.99","600","17","$23,994","04/18/2023","","4.6","244","","54,133","7","FBA","1","Home & Kitchen","","","","https://www.amazon.com/dp/B0BWN4XJW9"
"","","B094J8QKF3","90L Under Bed Storage Containers, 6 Pack Underbed Closet Storage Organizer System, Moving Bags with Clear Window and Reinforced Handles for Bedding Pillows Blanket Clothes Wardrobe Bedroom","Budding Joy","$35.99","15,608","474","$561,732","05/09/2021","$24.16","4.2","6,095","$11.83","748","7","FBA","1","Home & Kitchen","Standard","10.51 x 11.42 x 4.49 in","3.841 lb","https://www.amazon.com/dp/B094J8QKF3"
"","","B0C2PXMB72","INCLY 2 Pack Under Bed Rolling Storage Containers, Foldable Metal Underbed Storage with Wheels & Handles, Under Bed Clothes Organizer Drawers for Bedroom Blankets Shoes Books Toys","INCLY","$29.99","132","6","$3,959","04/16/2023","$17.56","4.5","29","$12.43","156,582","7","FBA","1","Home & Kitchen","Standard","11.81 x 2.76 x 16.53 in","8.37 lb","https://www.amazon.com/dp/B0C2PXMB72"
"","","B0BYHTD61J","Fsinnsuzi Under bed Storage Containers, Under Bed Storage with Wheels, Under Bed Shoe Storage Organizer Drawer for Clothes, Blankets And Shoes (2Pack, White)","Fsinnsuzi","$35.99","78","4","$2,807","03/14/2023","$14.81","4.4","68","$21.18","219,400","7","FBA","1","Home & Kitchen","Oversize","16.65 x 6.22 x 24.65 in","8.82 lb","https://www.amazon.com/dp/B0BYHTD61J"
"","","B0CJ2LZYNY","Under Bed Storage with Wheels, Under Bed Storage Containers Metal Foldable Space-Saving Under Bed Drawer Shoe Storage Bins Organizer on Wheels for Clothes Books (2 Pack Black)","DTUQYX","$25.99","621","16","$16,140","09/13/2023","$14.46","4.3","45","$11.53","59,908","7","FBA","2","Home & Kitchen","Standard","10 x 2 x 12 in","7.92 lb","https://www.amazon.com/dp/B0CJ2LZYNY"
"","","B0C7K8QYW2","Under Bed Storage With Wheels, Innotic Under Bed Storage Containers, Tool-free Assembly, Space-saving Metal Under Bed Storage Drawer For Bedroom Clothes, Shoes, Books, Toys, Snacks- 1Pack","Innotic","$17.99","345","42","$6,207","06/08/2023","$-1.63","4.8","7","$19.62","21,802","7","FBA","2","Home & Kitchen","Oversize","16.54 x 7.28 x 24.41 in","3.87 lb","https://www.amazon.com/dp/B0C7K8QYW2"
"","","B0C9TVDCC2","ENJOYBASICS Under Bed Storage with Wheels and Clear Lid, Underbed Shoe Storage Containers Drawers for 40L Capacity, Rolling Under the Bed Storage Solution for Clothes, Blankets, Books, Toys-2 Pack","ENJOYBASICS","$26.99","1,309","2","$35,330","06/29/2023","","3.9","44","","302,615","7","FBA","1","Home & Kitchen","","","","https://www.amazon.com/dp/B0C9TVDCC2"
"","","B0C131S72W","Under Bed Storage with Wheels, Rolling Underbed Storage Containers, Metal Under the Bed Storage Organizer, Under Bed Shoe Storage Drawer Bins for Clothes, Blanket, Bedroom Organization (2 Pack White)","BIETCR","$45.95","887","30","$40,758","04/20/2023","$31.13","4.5","436","$14.82","30,982","7","FBA","1","Home & Kitchen","Standard","12.9 x 2.9 x 11.4 in","8.23 lb","https://www.amazon.com/dp/B0C131S72W"
"","","B0B8HFKRTF","4 Pack Under Bed Storage Containers, 90L Large Capacity Foldable Underbed Storage Bags Organizer, Clothes Storage Bins with Clear Window and Reinforced Handles for Blanket, Comforter, Bedding, Toys","BiCINE","$23.99","292","8","$7,005","08/04/2022","","4.1","544","","114,251","7","FBA","1","Home & Kitchen","","","","https://www.amazon.com/dp/B0B8HFKRTF"
"","","B0CSCX99CC","innotic Under Bed Storage with Wheels, Large Under bed Storage Container with Lids, Tool-free Assembly & Easy Pull-out, Metal Under Bed Drawer for Clothes, Shoes,Toys-2Pack","innotic","$59.99","90","3","$5,399","01/14/2024","$37.97","4.2","29","$22.02","284,592","6","FBA","1","Home & Kitchen","Oversize","16.5 x 7.3 x 24.4 in","7 lb","https://www.amazon.com/dp/B0CSCX99CC"
"","","B0CKMKLPMC","76L Large Under Bed Storage Containers with Wheels, 2 Pack Stackable Underbed Storage Bins with Lids Collapsible Plastic Storage Drawer for Clothing Blanket Shoe Organizer Bedroom Organization Dorm","MAMBAKOTR","$99.99","60","2","$5,999","","","4.8","13","","316,811","","FBA","","Home & Kitchen","","","","https://www.amazon.com/dp/B0CKMKLPMC"
"","","B0C5HMHVPR","FUNXIM Under Bed Storage with Wheels,2 Pack Under Bed Storage Containers,Large Under Bed Rolling Storage with Lid,Under Bed Storage Bins Drawer For Clothes,Shoe,Toys, Book,Clothes BLACK","FUNXIM","$29.99","15","1","$449.85","05/16/2023","","3.9","22","","621,114","7","FBA","1","Home & Kitchen","","","","https://www.amazon.com/dp/B0C5HMHVPR"
"","","B0BQHS3MNS","Under Bed Storage Containers,2 Pack Foldable Underbed Storage Containers with Handles and Wheels,Folding Bed Shoes Clothes Organizer,Easy Assembly Underbed Storage for Toy,Bedding,Bedroom(Black)","joibabe","$34.95","1,310","39","$45,785","12/18/2022","$22.98","4.3","87","$11.97","23,750","6","FBA","1","Home & Kitchen","Standard","16.3 x 3 x 11.73 in","4 lb","https://www.amazon.com/dp/B0BQHS3MNS"
"","","B0CGD9QV3W","boailydi Under Bed Storage with Wheels & Lid, 2PCS Underbed Storage Container, 29.5 x 15.7 x 8.7 in Tall, Blankets Clothes Comforters Shoe Storage Bag Drawers, Rolling Zippered Organizer Bin -Black","boailydi","$39.99","405","9","$16,196","10/09/2023","$14.41","4.2","96","$25.58","105,438","7","FBA","1","Home & Kitchen","Oversize","15.7 x 8.7 x 29.5 in","8.5 lb","https://www.amazon.com/dp/B0CGD9QV3W"
"","","B0C2K26DQR","GILLAS 3 Pack Under-Bed Plastic Storage Boxes with Lids and Wheels, Sturdy and Durable Storage Organizers for Closet and Under Sofa, Stackable and Easy to Assemble","GILLAS","$89.99","60","3","$5,399","04/14/2023","","4.6","25","","240,009","6","FBA","1","Home & Kitchen","","","","https://www.amazon.com/dp/B0C2K26DQR"
"","","B0CGRXMYVW","Supowin Under Bed Storage with Wheels, Rolling Underbed Storage Containers with Lids, Under Bed Shoe Storage Bins Organizer with Reinforced Metal Bottom Support and Three Handles, 2 Pack Grey","Supowin","$49.99","1,099","30","$54,939","11/22/2023","","4.4","64","","30,909","7","FBA","1","Home & Kitchen","","","","https://www.amazon.com/dp/B0CGRXMYVW"
"","","B0CBTF98SW","GONAT 2 Pack Under Bed Storage Containers with Wheels, Dustproof Rolling Under Bed Shoe Storage Bins Drawers for Bedroom, Shoes, Clothes, Toys, Books Grey","GONAT","$39.99","107","5","$4,279","07/13/2023","$26.36","4.5","41","$13.63","178,603","6","FBA","1","Home & Kitchen","Standard","6.3 x 4.92 x 17.13 in","7.65 lb","https://www.amazon.com/dp/B0CBTF98SW"
"","","B0C66G7GMT","HOMELUX THEORY Under Bed Storage Containers, Clothes & Shoe Organizer Box W/Lid for Home & Bedroom Organization, Closet Storage (Dark Gray, L, 2Pc)","HOMELUX THEORY","$33.99","938","15","$31,883","05/23/2023","","4.7","546","","63,470","7","FBA","1","Home & Kitchen","","","","https://www.amazon.com/dp/B0C66G7GMT"
"","","B09MSQ5C1F","IRIS USA 30 Qt. Stackable Storage Drawer, 2 Pack, Plastic Drawer Organizer with Clear Doors for Pantry, Bedroom, Closet, Kitchen, Under-Sink, Home and Office De-Clutter, Shoes and Crafts - White","IRIS USA","$54.99","4,818","150","$264,942","11/29/2021","$21.84","4.5","7,590","$33.15","4,644","7","AMZ","7","Home & Kitchen","Oversize","19 x 19.6 x 16 in","7.401 lb","https://www.amazon.com/dp/B09MSQ5C1F"
"","","B0C48YZBZL","Hersance Under Bed Storage with Wheels,2 Pack Underbed Storage Containers Drawers with Dustproof Lid,Under bed Shoe Storage Rolling Plastic Underbed Bins for Clothes Shoes Toys Bedding","Hersance","$19.99","57","2","$1,139","05/03/2023","","3.4","5","","306,586","7","FBA","1","Home & Kitchen","","","","https://www.amazon.com/dp/B0C48YZBZL"
"","","B0BWDSH2M2","Under Bed Storage, Upgraded 31.5' Large Under Bed Storage with Wheels, Tool-free Assembly Metal Foldable Under Bed Drawers on Wheels for Shoes, Clothes, Toys, Blankets - Solution for Home Organization","Nonkky","$55.99","242","7","$13,550","02/20/2023","$40.86","4.1","50","$15.13","125,053","6","FBA","1","Home & Kitchen","Standard","12.2 x 3.3 x 16.9 in","5 lb","https://www.amazon.com/dp/B0BWDSH2M2"
"","","B0BRF274B5","Luseba Under Bed Storage with Wheels, Drawer with Markable Nameplate, Under-Bed Shoe Storage Organizer for Clothes, Toy, Book, Blanket, Under Bed Storage Containers","Luseba","$29.99","209","8","$6,268","11/12/2022","$10.09","4.4","286","$19.90","108,527","7","FBA","4","Home & Kitchen","Oversize","16.14 x 6.3 x 24.02 in","4 lb","https://www.amazon.com/dp/B0BRF274B5"