"Export time:  2/13/2024, 12:19:19 AM","","ASIN","Product Name","Brand","Price","Monthly Units Sold","Daily Units Sold","Monthly Revenue","Date First Available","Net Revenue","Star Rating","Reviews","Amazon Fees","BSR","LQS","Seller Type","Sellers","Category","Product Tier","Dimensions","Weight","Link"
"","","B0CKR6H7WK","yvyvpat Candle Warmer Lamp with Timer, Candle Warming Lamp for Large Jar Candles, Adjustable Height Dimmable Metal Top Wooden Base Candle Warmer with 2 Bulbs Black","yvyvpat","$39.99","240","8","$9,598","10/12/2023","$25.76","4.1","17","$14.23","117,371","6","FBA","1","Home & Kitchen","Standard","6.69 x 11.81 x 7.48 in","3 lb","https://www.amazon.com/dp/B0CKR6H7WK"
"Candle lamp","","B0CLNV6PQ9","Hong-in Candle Warmer Lamp-Electric Candle Lamp Warmer with Timer, Dimmable Candle Warmers for Jar Candles,Gifts for Women,Wax Melt Warmer with 2 Bulbs for Bedroom Home Decor,Valentines Day Gifts","Hong-in","$29.99","1,530","51","$45,885","01/29/2024","$19.70","4","5","$10.29","17,590","7","FBA","1","Home & Kitchen","Standard","5.1 x 14 x 5.1 in","2.65 lb","https://www.amazon.com/dp/B0CLNV6PQ9"
"Average Monthly Sales: 1,276","","B0BRPQLHTP","LALISU Candle Warmer Lamp with 2 Bulbs Compatible with Jar Vintage Electric Touch Control Dimmable Candle Melter Top Melting for Scented Wax (Touch-Black)","LALISU","$19.99","745","28","$14,893","01/04/2023","$10.56","4.4","251","$9.43","33,338","7","FBA","1","Home & Kitchen","Standard","5.51 x 12.59 x 6.69 in","2.24 lb","https://www.amazon.com/dp/B0BRPQLHTP"
"Average Revenue: $36,877","","B0CKKQGNDG","FINPOT Candle Lamp Warmer, Candle Warmer Lamp with Timer & Dimmer,Valentines Day Gifts, Candle Warming Lamp with USB Charging Ports & 2 Bulbs, Wax Warmer Lamps for All Size Scented Candles Home Decor","FINPOT","$39.99","270","9","$10,797","10/05/2023","$28.80","4.9","11","$11.19","99,777","7","FBA","1","Home & Kitchen","Standard","7 x 4 x 11 in","2 lb","https://www.amazon.com/dp/B0CKKQGNDG"
"Average Price: $30.44","","B0BR4ZX5ND","Candle Warmer Lamp with 2 Bulbs,Electric Candle Warmer with Timer,Christmas Gifts for Candle Lovers,Dimmable Candle Lamp,Compatible with Various Candles, Candle Holders for Home Decor (Black)","XJZJY","$29.99","5,839","233","$175,112","12/27/2022","$19.70","4.6","949","$10.29","2,444","7","FBA","4","Home & Kitchen","Standard","6 x 10 x 6 in","1 lb","https://www.amazon.com/dp/B0BR4ZX5ND"
"Average No. of Ratings: 158","","B0BZ7ZDVRW","Elegant Candle Lamp with Bulbs, Timer and Dimmer - Compatible with All Jar Candles for Scented Wax Melting - Amber Glass Candle Warmer for Home Decoration","TigQiang","$29.99","4,625","152","$138,704","03/21/2023","$18.76","4.7","196","$11.23","4,533","7","FBA","1","Home & Kitchen","Standard","7 x 14 x 7 in","3.42 lb","https://www.amazon.com/dp/B0BZ7ZDVRW"
"Average Sales Rank: 145,845","","B0CGTZY3KB","Noojinn Candle Warmer Lamp with Timer/Dimmer/Adjustable Height, Wood Base Electric Top Down Melting Candle Warming Lamps for Jar Candles, Home Decor Valentines Day Gifts for Daughter/Mom/Women, White","Noojinn","$22.99","3,445","189","$79,201","08/28/2023","$13.75","4.6","179","$9.24","3,333","7","FBA","2","Home & Kitchen","Standard","4.6 x 10.5 x 6.9 in","1.96 lb","https://www.amazon.com/dp/B0CGTZY3KB"
"Average Rating Number: 4.6","","B09KC4JQ6P","luzdiosa Candle Warmer Lamp with 2 Bulbs Compatible with Jar Candles Vintage Electric Dimmable Candle Melter Top Melting for Scented Wax (Amber)","luzdiosa","$27.99","2,599","73","$72,746","10/25/2021","$17.06","4.5","824","$10.93","11,595","7","FBA","1","Home & Kitchen","Standard","6.3 x 6.3 x 14.5 in","2.8 lb","https://www.amazon.com/dp/B09KC4JQ6P"
"","","B0BNHDWZL4","CHIACHIA Candle Warmer Lamp with Timer, Compatible with Jar Candles, Metal Top Dimmable Candle Warmer with 2 Bulbs for Scented Candles (Black)","CHIACHIA","$57.99","173","6","$10,032","02/12/2023","","4.5","195","","147,629","7","FBA","30","Home & Kitchen","","","","https://www.amazon.com/dp/B0BNHDWZL4"
"","","B0CMV2W797","Cozyvibes Candle Warmer, Compatible with Yankee Candle Large Jar, Candle Warmer Lamp, Dimmable Candle Melter for Scented Candle (Black)","Cozyvibes","$30.00","120","4","$3,600","11/06/2023","","4.8","41","","207,561","7","FBA","1","Home & Kitchen","","","","https://www.amazon.com/dp/B0CMV2W797"
"","","B0CKSRQVYJ","Candle Wax Melt Warmer for Jar Candles, Safely Releases Scents Without a Flame, Coffee Mug Warmer for Desk Gravity-Induction Auto Shut Off, Electric Self Heated Plate for Heating Milk, Tea","aromara","$19.99","1,920","64","$38,381","10/09/2023","","4.4","278","","13,550","7","FBA","2","Home & Kitchen","","","","https://www.amazon.com/dp/B0CKSRQVYJ"
"","","B0CJRNT3R8","XUKEIB Coffee Mug Warmer for Desk Auto Shut Off, Candle Wax Melt Warmer for Jar Candles, Safely Releases Scents Without a Flame, Electric Self Heated Plate for Heating Milk, Tea, Hot Chocolate","Xukeib","$16.89","717","13","$12,110","09/24/2023","","4.6","337","","73,287","7","FBA","3","Home & Kitchen","","","","https://www.amazon.com/dp/B0CJRNT3R8"
"","","B0BZPGDR1B","NVRGIUP Candle Warmer, Candle Warmer Lamp with Timer & Dimmer Candle Warmer Height Adjustable for All Size Scented Candles, Candle Warmer with 2 * 50W Bulbs for Home Decor Mothers Day Gifts(Gold)","NVRGIUP","$34.99","5,361","166","$187,581","03/26/2023","","4.4","580","","4,004","7","FBA","8","Home & Kitchen","","","","https://www.amazon.com/dp/B0BZPGDR1B"
"","","B0CF9TL3V8","Yuichoy Candle Warmer Lamp with Timer, Dimmable Electric Candle Wamer, Adjustable Height Glass Candle Melter Lamp for Jar Candle, Black","Yuichoy","$29.99","1,796","44","$53,862","08/08/2023","","4.6","57","","20,908","7","FBA","1","Home & Kitchen","","","","https://www.amazon.com/dp/B0CF9TL3V8"
"","","B0CCYCBRSK","TOACSUCP Candle Warmer Lamp with 3 Bulbs, Adjustable Height Dimmable Candle Warmer with Timer, Compatible with Large Jar Candles, Candle Lamp with Charming Gift Box Ribbon for Her/Him(Natural Wood)","TOACSUCP","$29.98","3,026","96","$90,719","07/26/2023","$19.69","4.6","156","$10.29","8,271","7","FBA","3","Home & Kitchen","Standard","5.5 x 5.5 x 11.2 in","2.6 lb","https://www.amazon.com/dp/B0CCYCBRSK"
"","","B0CGZC7SHV","CROSSLER Electric Candle Warmer Lamp with Timer; Dimmable Lamp Candle Warmer with 2 Light Bulbs; Cozy Home Decor Aesthetic Lamp; Scented Jar Candle Wax Melter Heat Lamp with 2H/4H/8H Timer","CROSSLER","$29.98","10","","$299.80","08/30/2023","$19.05","4.9","17","$10.93","1,226,468","7","FBA","2","Home & Kitchen","Standard","6 x 14 x 6 in","3.23 lb","https://www.amazon.com/dp/B0CGZC7SHV"
"","","B0CN4Z95V8","SENSE ISLAND Candle Warmer Lamp-Adjustable Height with Timer and Dimmer, Electric Glass Candle Lamp for Jar Candles, Wax Melts, Home Dcor, Gifts for Women(2 Bulbs Included)","SENSE ISLAND","$35.00","","","$0.00","12/28/2023","","5","1","","1,950,756","","FBA","1","Home & Kitchen","","","","https://www.amazon.com/dp/B0CN4Z95V8"
"","","B0CMV4M8ZN","SPROS Candle Warmer Lamp (White)","SPROS","$41.70","","","$0.00","12/19/2023","","","","","1,076,713","","FBA","1","Home & Kitchen","","","","https://www.amazon.com/dp/B0CMV4M8ZN"
"","","B0C4N7B14Z","Erumpere Candle Warmer Lamp, Dimmable Candle Warmer Lamp for Jar Candles, Electric Candle Warmer Lamp with Timer 2H/4H/8H Nightstand Lamp for Bedroom (2 Wax Warmer Bulbs)","Erumpere","$24.99","2,570","54","$64,224","06/30/2023","$14.81","4.6","186","$10.18","16,592","7","FBA","1","Home & Kitchen","Standard","5.91 x 5.75 x 13.62 in","1.68 lb","https://www.amazon.com/dp/B0C4N7B14Z"
"","","B0CGZS5129","Geezo Fragrance Candle Warmer Lamp with 2 Bulbs Electric Candle Warmer with Timer & Dimmer for Home Decor","Geezo","$27.99","4,774","182","$133,624","08/30/2023","","4.8","274","","3,519","7","FBA","1","Home & Kitchen","","","","https://www.amazon.com/dp/B0CGZS5129"
"","","B0CCJHDHHW","AIKAMI Candle Warmer Lamp Dimmable with Timer : Electric Glass Candle Lamp Warmer with 2 * 50W Bulbs,Wax Melter Warmer Lamps for Jar Candle Scented Candle Holders,Wooden Base","AIKAMI","$34.99","354","17","$12,386","07/20/2023","$23.31","4.8","55","$11.68","53,564","7","FBA","3","Home & Kitchen","Standard","5.5 x 5.1 x 11.8 in","3.35 lb","https://www.amazon.com/dp/B0CCJHDHHW"
"","","B0BW7TBXBX","11-HILLS Candle Warmer Lamp, Modern Candle Lamp Warmer with Timer and Dimmer, Electric Wax Candle Warming Lamps for Home Decor,Gifts, 2 Bulbs..(White)","11-HILLS","$39.99","45","1","$1,800","02/19/2023","","4.9","34","","444,649","7","FBA","1","Home & Kitchen","","","","https://www.amazon.com/dp/B0BW7TBXBX"
"","","B0BZPH17TR","zukakii Candle Warmer Lamp Adjustable Height Dimmable Candle Lamp Warmer with Timer Compatible with Large Jar Candles No Flame Scented Candle Wax Warmer with 2 Bulbs Mothers Day Gift -Black","zukakii","$34.99","2,574","97","$90,064","03/26/2023","$23.31","4.3","488","$11.68","8,222","7","FBA","5","Home & Kitchen","Standard","6.61 x 6.57 x 11.57 in","1.85 lb","https://www.amazon.com/dp/B0BZPH17TR"
"","","B0CHB2G96S","Imenlox Dimmable Candle Warmer Lamp with Timer, Electric Melting Lamps for Jar Candles, Wax Melt Warmers with 2 * 50W Bulbs for Home Bedroom Decor (Wooden Base)","Imenlox","$34.99","180","6","$6,298","10/09/2023","$22.56","4.9","32","$12.43","139,524","7","FBA","1","Home & Kitchen","Standard","8.2 x 11.4 x 5.5 in","3.11 lb","https://www.amazon.com/dp/B0CHB2G96S"
"","","B0C4C3HRXY","LUMICANDLE 1 Adjustable Candle Warmer Lamp With Timer Dimmer, Candle Warming Lamp for Jar Candles, Foldable Candle Lamp Warmer for Easy Storage, Lamp Candle Warmer 2 bulbs - Safe and Lasting Fragrance","LumiCandle","$32.99","","","$1,020","05/04/2023","$22.10","4.4","13","$10.89","749,707","7","FBA","1","Home & Kitchen","Standard","7.08 x 9.05 x 4.65 in","1.43 lb","https://www.amazon.com/dp/B0C4C3HRXY"
"","","B0CLLJ94ZK","Candle Warmer Lamp, Candle Lamp Warmer with Dimmer, Electric Candle Warmer for Jar Candles Lamp Warmer, Gifts for Mom, Bedroom Home Decor, 2/4/8H Timer Adjustable Height with 2 Bulbs","widicoko","$24.99","1,779","56","$44,457","10/22/2023","$15.45","4.3","114","$9.54","15,660","7","FBA","1","Home & Kitchen","Standard","1 x 1 x 1 in","2.02 lb","https://www.amazon.com/dp/B0CLLJ94ZK"
"","","B0CRD6RYYC","Flower Candle Warmer Lamp with Timer, Electric Candle Warmer Lamp, Birthday Gifts for Women, Mom, Female Friend, Glass Candle Lamp Warmer Gifts, Aromatic Candle Warmer for Vintage Home Decor","Funistree","$42.98","570","19","$24,499","07/08/2023","","4.7","147","","50,018","7","FBA","1","Home & Kitchen","","","","https://www.amazon.com/dp/B0CRD6RYYC"
"","","B0CDW4C9GJ","AIFEI Candle Warmer Lamp with Timer, Electric Candle Lamp with 2 Bulbs Adjustable Height Dimmable Candle Lamp Warmer for Jar Candles Home Decor Gifts for Mom Christmas Valentine's Day - Natural Wood 2","AIFEI","$19.99","270","19","$5,397","08/06/2023","$11.20","4.7","59","$8.79","48,102","7","FBA","1","Home & Kitchen","Standard","5.83 x 5.79 x 11.5 in","2.61 lb","https://www.amazon.com/dp/B0CDW4C9GJ"
"","","B0CH83WGFT","Kadrama Candle Warmer Lamp, Candle Warmer with Timer Dimmer Candle Lamp with 3 Bulbs Valentines Gifts for Her, Height Adjustable Electric Wax Melt Warmer for Scented Candles Bedroom Home Decor, Gold","Kadrama","$36.98","1,590","53","$58,798","10/22/2023","","4.9","79","","16,790","7","FBA","2","Home & Kitchen","","","","https://www.amazon.com/dp/B0CH83WGFT"
"","","B0BWJDGJMM","MAOYUE Candle Warmer Lamp Dimmable Timer: Electric Metal Top Down Light Heat Melting Wax Candles Vintage Fits Large Small Jar Scented Candel Warming Lantern Black","MAOYUE","$26.99","1,501","58","$40,512","02/21/2023","$17.80","4.5","561","$9.19","15,176","7","FBA","4","Home & Kitchen","Standard","4 x 9 x 4 in","1.5 lb","https://www.amazon.com/dp/B0BWJDGJMM"
"","","B0C4LSGRG5","YIGEYIGE Candle Warmer Lamp with Timer and Dimmer, Solid Wooden Base for Small and Large Scented Candles, Candle Lamp with 4 Bulbs (Black)","YIGEYIGE","$23.99","365","24","$8,756","05/07/2023","$13.96","4.5","24","$10.03","38,312","7","FBA","30","Home & Kitchen","Standard","6 x 13 x 6 in","2.47 lb","https://www.amazon.com/dp/B0C4LSGRG5"
"","","B0CJRH24P2","Candeldo Candle Warmer Lamp with Timer: Flower Candle Lamp Warmers for Jar with 2 Bulbs Height Adjustable Candle Lamps Vintage Home Decor Christmas Gift for Woman","Candeldo","$32.99","930","31","$30,681","09/24/2023","$21.01","4.5","20","$11.98","29,688","7","FBA","1","Home & Kitchen","Standard","6.7 x 10.6 x 6.7 in","3.7 lb","https://www.amazon.com/dp/B0CJRH24P2"
"","","B0CNR9SF74","Gifts for Women, Candle Warmer Lamp with Timer & Dimmer, Candle Warmer Lamp Height Adjustable for Jar Scented Candles with 2 Bulbs for Home Decor, Birthday Valentine's Day Gifts for Her(SDX-amber)","Trtyldt","$29.99","520","8","$15,595","11/20/2023","$19.70","4.5","28","$10.29","108,247","7","FBA","1","Home & Kitchen","Standard","6 x 9 x 6 in","2.65 lb","https://www.amazon.com/dp/B0CNR9SF74"
"","","B0CJHQXYZS","Youbetia Dimmable Candle Warmer Lamp - Height Adjustable Candle Warmer, Candle Lamp for Large Size Jar Candles, Electric Candle Wax Warmer Lamp with 2 Bulbs(Black)","Youbetia","$19.99","420","14","$8,396","11/03/2023","$9.66","4.8","89","$10.33","68,331","7","FBA","1","Home & Kitchen","Standard","6 x 13.5 x 6 in","2.14 lb","https://www.amazon.com/dp/B0CJHQXYZS"
"","","B0BV6RPZBQ","Candle Warmer Lamp for Jar Candles, Dimmable Candle Melter with Amber Glass Shade, Vintage Electric Candle Heater Top-Down Melting Heat Adjustable, Retro Fragrance Candle Wax Warmer, 2 Bulbs Included","VerRon","$24.99","581","17","$14,519","02/07/2023","$14.81","4.5","95","$10.18","56,454","7","FBA","3","Home & Kitchen","Standard","6.5 x 11.25 x 6.5 in","2.89 lb","https://www.amazon.com/dp/B0BV6RPZBQ"
"","","B0C9DKW7ZF","ZXMEAN Candle Warmer Lamp with Dimmer, Electric Candle Warmer for Jar Candles, Bedroom Home Decor, 2H/4H/8H Timer Adjustable Height with 2 Bulbs, (Amber)","ZXMEAN","$24.99","2,894","77","$72,321","06/25/2023","$14.81","4.5","260","$10.18","10,968","7","FBA","3","Home & Kitchen","Standard","5.5 x 14.9 x 5.5 in","2.62 lb","https://www.amazon.com/dp/B0C9DKW7ZF"
"","","B0CG9GQFBV","MR MIRYE Candle Warmer Lamp, Electric Candle Warmer with Dimmer, Candle Lamp Warmer Inchlude 2Bulbs, Bedroom Home Decor, Gift for Mom Father Girlfriend (Black)","MR MIRYE","$19.99","360","12","$7,196","11/21/2023","","5","2","","74,771","5","FBA","1","Home & Kitchen","","","","https://www.amazon.com/dp/B0CG9GQFBV"
"","","B0BFCRDWQW","MAKYTWOW Candle Warmer Lamp with Dimmer, 2H/4H/8H Timer, Compatible with Yankee Candle Large Jar Candle, Home Decor Gift for her, Birthday Gift for mom, Home Scented Jar Candles Heater,Black","MAKYTWOW","$39.99","2,141","26","$85,619","09/14/2022","$27.26","4.7","380","$12.73","35,620","6","FBA","6","Home & Kitchen","Standard","7 x 11 x 8 in","2.98 lb","https://www.amazon.com/dp/B0BFCRDWQW"
"","","B0C5HZ6QMW","Candle Warmer Lamp - Dimmable Candle Lamp Warmer Electric with 2 Bulbs, Scented Wax Melter Warming Lamps No Smoke, Compatible with Various Candle Jars, Home Decor Gifts, Black Small Bedside Lamp","Yarra-Decor","$24.99","1,252","30","$31,287","07/09/2023","$16.10","4.6","97","$8.89","31,539","7","FBA","5","Home & Kitchen","Standard","3.94 x 3.94 x 3.94 in","1.81 lb","https://www.amazon.com/dp/B0C5HZ6QMW"
"","","B0CFLS7VHR","Briever Dimmable Candle Warmer Lamp with Timer, Height Adjustable Electric Candle Wax Warmer for Jar Candles, Top-Down Light Heat Melting Wax with 2 Bulbs & Walnut Wooden Base for Home Decor","Briever","$29.99","447","13","$13,406","08/16/2023","$19.06","4.5","54","$10.93","70,596","7","FBA","3","Home & Kitchen","Standard","5.12 x 9 x 5.12 in","1.19 kg","https://www.amazon.com/dp/B0CFLS7VHR"
"","","B0BZVPCRR5","Candle Warmer Lamp, Wax Warmer Lamp with 2 Bulbs & Timer & Dimmer 7-Levels, Compatible Most Jar Candles, Candle Top Melting, Cystal Candle Heater Lamp for Scented Wax, Elegant Home Decoration, Black","TigQiang","$29.99","637","16","$19,104","03/28/2023","","4.5","68","","57,894","7","FBA","1","Home & Kitchen","","","","https://www.amazon.com/dp/B0BZVPCRR5"
"","","B0CPQ49QY9","Candle Warmer, Candle Warmer Lamp with Timer & Dimmer Candle Warmer Bedroom Home Decor Dimmable Wax Melt Warmer Scented Candles, Candle Warmer with 2 * 50W Bulbs for Home Decor (Light Green)","LALISU","$19.99","300","10","$5,997","12/06/2023","$11.40","5","2","$8.59","93,442","7","FBA","1","Home & Kitchen","Standard","3.74 x 11.4 x 3.74 in","1.5 lb","https://www.amazon.com/dp/B0CPQ49QY9"
"","","B0CJ2NQRWM","Elenhome Candle Warmer Lamp with Adjustable Height, Stepless Dimming Function-Home Decor Lamp Candle Warmer, Metal Candle Lamp for Jar Candles, No Flame Scented Candle Warmer with 2 Bulbs (Black)","Elenhome","$20.98","1,744","29","$36,589","09/13/2023","$12.69","4.5","111","$8.29","31,670","6","FBA","1","Home & Kitchen","Standard","5.59 x 5.39 x 8.74 in","1.28 lb","https://www.amazon.com/dp/B0CJ2NQRWM"
"","","B09TXMB537","luzdiosa Candle Warmer Lamp with 2 Bulbs Compatible with Jar Vintage Electric Dimmable Candle Melter Top Melting for Scented Wax (Clear)","luzdiosa","$26.99","2,588","73","$69,850","03/04/2022","$16.51","4.5","824","$10.48","11,595","7","FBA","1","Home & Kitchen","Standard","6 x 13 x 6 in","2.8 lb","https://www.amazon.com/dp/B09TXMB537"
"","","B0CC54V6JZ","WDQQ Candle Warmer Lamp, Candle Warmer Lamp with Timer & Dimmer, Candle Warmer Light for Jar Candles, Electric Candle Lamp Adjustable Height, with 2 Bulbs 50W Bulbs, Valentines Day Gifts for Her","WDQQ","$28.98","1,572","71","$45,557","09/07/2023","$18.20","4.6","81","$10.78","12,108","7","FBA","2","Home & Kitchen","Standard","5.4 x 14.8 x 5.4 in","2.2 lb","https://www.amazon.com/dp/B0CC54V6JZ"
"","","B0BZ9S2SQ5","CABRHEART Candle Warmer Lamp with Timer, Dimmable Electric Candle Warmer Melter, Small & Large Jar Fragrance Candle Holders for Home Decoration Valentine's Day Gift, Golden-Green","CABRHEART","$42.99","1,020","44","$43,850","03/21/2023","","4.7","168","","20,821","7","FBA","3","Home & Kitchen","","","","https://www.amazon.com/dp/B0BZ9S2SQ5"
"","","B0C7K6HG74","NONVJJ Candle Warmer Lamp,Candle Warmer lamp with Timer, Candle Warmer Light Compatible with Various Candles for Home Decor,Brightness Adjustable for Jar Scented Wax Melts with 2 Bulbs (Flower lamp)","NONVJJ","$27.99","563","22","$15,758","06/08/2023","$17.06","4.7","177","$10.93","42,714","7","FBA","3","Home & Kitchen","Standard","7 x 13 x 7 in","1.1 lb","https://www.amazon.com/dp/B0C7K6HG74"
"","","B0C2YH466R","VIXAVI Black Glass Candle Warmer Lamp, Height Adjustable, Dimmer, Timer - Safe, Convenient, and Versatile","VIXAVI","$25.99","233","1","$6,056","04/17/2023","$15.66","4.7","118","$10.33","481,809","6","FBA","1","Home & Kitchen","Standard","5.7 x 14 x 6.89 in","2.49 lb","https://www.amazon.com/dp/B0C2YH466R"
"","","B0CD6SZ5YD","Dexnump Candle Warmer Lamp with 2 Bulbs, Electric Candle Warmer for Jar Candles, Fully Dimmable Lamp, Aromatic Candle Holders for Bedroom Home Living Room Decor, Gifts for Mom","Dexnump","$39.99","291","15","$11,637","07/30/2023","","4.7","26","","62,466","6","FBA","1","Home & Kitchen","","","","https://www.amazon.com/dp/B0CD6SZ5YD"
"","","B0CFF1WHMZ","Electric Candle Warmer Lamp with Timer: Dimmable Candles Light with 2 Bulbs for Home Decor - Scented Wax Melt Warmers","Banbanda","$23.99","361","12","$8,660","08/10/2023","$14.60","4.3","58","$9.39","77,289","7","FBA","3","Home & Kitchen","Standard","5.08 x 5 x 11.46 in","1.37 lb","https://www.amazon.com/dp/B0CFF1WHMZ"
"","","B0CHRCTWS4","Candle Warmer Lamp, Adjustable Height Candle Warmer with Timer, Remote, Dimmable. Electric Candle Warmer, Wax Melt Warmer for Scented Wax Jar Candles Home Bedroom Decoration, Valentine's Day Gift","NMLLIFE","$24.99","348","16","$8,697","09/10/2023","$14.81","4.4","26","$10.18","56,862","7","FBA","1","Home & Kitchen","Standard","3.7 x 6.89 x 6.89 in","3.53 lb","https://www.amazon.com/dp/B0CHRCTWS4"
"","","B0CLXPR95D","Woderdeng Candle Warmer Lamp with Timer - Dimmable Candle Melting Light with 2 Bulbs,Height Adjustable Candle Wax Warmer Lamp for Bedroom,Home Decor Gift,Electric Candle Lamp for Jar Candles,Black","Woderdeng","$24.99","359","25","$8,971","12/17/2023","$15.45","4.7","7","$9.54","37,197","7","FBA","30","Home & Kitchen","Standard","5.5 x 10.2 x 5.5 in","2.01 lb","https://www.amazon.com/dp/B0CLXPR95D"
"","","B0C7H389DJ","Hasun Candle Warmer Lamp for Jar Candles, Safe Electric Dimmable Candle Warmer Lamp with Timer and Adjustable Height/Heat, 2-8h Timer, Vintage Glass Scented Candles Warmer Black","HASUN","$32.99","1,177","50","$38,829","06/07/2023","$21.61","4.5","119","$11.38","17,995","7","FBA","1","Home & Kitchen","Standard","4.44 x 10.62 x 6.69 in","3.37 lb","https://www.amazon.com/dp/B0C7H389DJ"
"","","B0C2771TLS","Candle Warmer Lamp with Timer, Dimmable Electric Candle Lamp Warmer for Jar Candles, Valentines Gifts for Her, Candle Heater House Warming Gifts, Women Gifts for Valentines Day, Home Decor for Bedroom","Funistree","$25.98","1,118","40","$29,046","06/17/2023","$16.29","4.7","233","$9.69","22,767","7","FBA","3","Home & Kitchen","Standard","5.3 x 10.5 x 5.3 in","1.85 lb","https://www.amazon.com/dp/B0C2771TLS"
"","","B0CBPQKJMQ","Candle Warmer Lamp, Height Adjustable Candle Lamp Warmer with 2 Bulbs, Candle Lamp with 2H/4H/8H Timer & Multicolor LED on Base for Scented Wax Jar Candles Mothers Day Gifts","LITFP","$25.98","150","1","$3,897","07/11/2023","$15.65","4.7","20","$10.33","570,223","7","FBA","1","Home & Kitchen","Standard","5.8 x 12.2 x 5.8 in","3.66 lb","https://www.amazon.com/dp/B0CBPQKJMQ"
"","","B0CFTHVHS7","QENLAI Candle Warmer Lamp for Jar Candles, Electric Candle Warmer with 2 Bulbs, 2/4/8h Timer & 7 Level Dimmer, Candle Lamp Warmer Top Melting for Scented Wax (Black)","QENLAI","$29.99","859","17","$25,761","08/15/2023","","4.7","52","","53,480","7","FBA","1","Home & Kitchen","","","","https://www.amazon.com/dp/B0CFTHVHS7"
"","","B0CFWCKF7H","Malbella Essentials Glass Candle Warmer Lamp: Adjustable Height Candle Lamp, Dimmer, ON/Off Timer (8H/4H/2H) - Ideal Gift, fits Various Size Scented Candles","Malbella Essentials","$49.99","155","9","$7,748","11/13/2023","$35.16","4.8","30","$14.83","97,989","6","FBA","30","Home & Kitchen","Standard","7.7 x 13.7 x 8.5 in","2.95 lb","https://www.amazon.com/dp/B0CFWCKF7H"
"","","B0CJTDHDWL","Candle Warmer Lamp Dimmable Timer, Electric Candle Lamp Warmer with Height Adjustable,Fit for All Jar Candles, Light Heat Melting Wax Candles Lamp for Home Decor,Valentine Gifts for Lover(Silver Gray)","Noctiluxia","$32.99","836","18","$27,580","09/25/2023","$21.61","4.8","98","$11.38","51,490","8","FBA","30","Home & Kitchen","Standard","6 x 13 x 6.8 in","3.2 lb","https://www.amazon.com/dp/B0CJTDHDWL"
"","","B0BLH53NH7","Cyanoe Candle Warmer Lamp with 2 Bulbs, Compatible with Small/Large Jar Candles, Electric Candle Melting Lamp with Wood Base Gifts for Her/Mom, Vintage Glass Shade and Adjustable Dimmer, Amber","Cyanoe","$28.99","496","15","$14,379","11/03/2022","","4.3","115","","60,194","7","FBA","2","Home & Kitchen","","","","https://www.amazon.com/dp/B0BLH53NH7"
"","","B0B5L41RJW","Holulo Candle Warmer Lamp,Electric Candle Lamp Warmer with Timer,Dimmable Wax Melt Warmer for Scented Wax with 2 Bulbs,for Bedroom Home Decor Fits Large Small Jar Scented Candle Warming Lantern","Holulo","$24.99","876","50","$21,891","06/30/2022","","4.5","167","","18,091","7","FBA","30","Home & Kitchen","","","","https://www.amazon.com/dp/B0B5L41RJW"
"","","B0CF8J7J7N","NVRGIUP Candle Warmer Lamp, Remote Control & Touch Panel, Latest Upgraded Candle Lamp Warmer with 2-4-8H Timing, 4-Level Dimming, Height Adjustable, 2 Bulbs for Home Decor Christmas Gifts for Mom","NVRGIUP","$39.99","1,217","37","$48,668","08/09/2023","$27.56","4.5","70","$12.43","24,883","7","FBA","5","Home & Kitchen","Standard","6.81 x 6.77 x 11.65 in","3.08 lb","https://www.amazon.com/dp/B0CF8J7J7N"
"","","B0CF89CWDW","zukakii Candle Warmer Lamp, Remote Control & Touch Control Candle Warmer with 2-4-8H Timer and 4-Levels Dimmable Height Adjustable with 2 Bulbs Candle Lamp Warmer","zukakii","$29.99","508","14","$15,235","08/09/2023","$18.46","4.5","46","$11.53","67,111","7","FBA","2","Home & Kitchen","Standard","8 x 13 x 8 in","2.78 lb","https://www.amazon.com/dp/B0CF89CWDW"
"","","B0CNPDXW68","Zecnaud Candle Warmer Lamp with Timer, Electric Candle Warmer Wax Melts Dimmable Lamp Home Decor Compatible with Small & Large Candle Gift for Mom, 2 Bulbs Included (Bronze)","Zecnaud","$35.99","594","8","$21,378","12/10/2023","$24.16","4.6","16","$11.83","112,973","7","FBA","1","Home & Kitchen","Standard","6.7 x 12.2 x 6.7 in","1 lb","https://www.amazon.com/dp/B0CNPDXW68"