"Export time:  2/5/2024, 2:45:14 AM","","ASIN","Product Name","Brand","Price","Monthly Units Sold","Daily Units Sold","Monthly Revenue","Date First Available","Net Revenue","Star Rating","Reviews","Amazon Fees","BSR","LQS","Seller Type","Sellers","Category","Product Tier","Dimensions","Weight","Link"
"","","B0CLX8Y7NF","HITACTS Overbed Table Height Adjustable Desktop Bed Side Table with Wheels Lockable Rolling Standing Laptop Desk Hospital Bed Table - 27.5' L x 15.7' W x 28-43' H","HITACTS","$99.99","150","5","$14,999","12/24/2023","","4.8","7","","27,757","","FBA","1","Industrial & Scientific","","","","https://www.amazon.com/dp/B0CLX8Y7NF"
"adjustable side table","","B00QMNTMXA","Vaunn Adjustable Overbed Bedside Table With Wheels (Hospital and Home Use), Walnut Brown","Vaunn","$69.13","7,607","255","$525,872","12/04/2014","$-57.00","4.6","23,885","$126.13","3,541","6","AMZ","4","Health & Household","Oversize","15 x 40.5 x 30 in","20.6 lb","https://www.amazon.com/dp/B00QMNTMXA"
"Average Monthly Sales: 1,104","","B0BZ3LRG87","HITACTS Overbed Table Height Adjustable Pneumatic Hospital Bed Table with Lockable Wheels Rolling Bedside Table Standing Desk Bed Table for Home Office Height 29'-44'","HITACTS","$129.99","150","4","$19,499","03/20/2023","","4.2","106","","35,177","7","FBA","1","Industrial & Scientific","","","","https://www.amazon.com/dp/B0BZ3LRG87"
"Average Revenue: $60,596","","B07WZWSPD9","Vaunn Medical Adjustable Tilt Overbed Bedside Table with Wheels for Hospital and Home Use","Vaunn","$149.99","333","9","$49,947","08/27/2019","$101.07","4.4","2,387","$48.92","64,379","6","FBA","2","Health & Household","Oversize","26.5 x 16.14 x 15 in","22.4 lb","https://www.amazon.com/dp/B07WZWSPD9"
"Average Price: $64.56","","B002VWJZ8S","Drive Medical 13067 Adjustable Non Tilt Top Overbed Table With Wheels for Hospital and Home Use, Standing Desk, Walnut","Drive Medical","$54.61","4,826","137","$263,548","06/22/2006","$28.74","4.4","17,173","$25.87","660","6","AMZ","17","Industrial & Scientific","Oversize","23.8 x 32.5 x 3 in","23.1 lb","https://www.amazon.com/dp/B002VWJZ8S"
"Average No. of Ratings: 2,146","","B09XGNQ3Y1","SANODESK Medical Adjustable Overbed Bedside Table with Hidden Casters, Pneumatic Mobile Laptop Computer Standing Desk Cart with Tray, Hospital and Home Use(27.6' W x 15.7' D, White)","SANODESK","$99.98","930","49","$92,981","04/07/2022","","4.6","357","","2,593","6","FBA","3","Industrial & Scientific","","","","https://www.amazon.com/dp/B09XGNQ3Y1"
"Average Sales Rank: 108,559","","B0CGL3FNMX","ZUJJAFY C-Shaped End Table, Small Side Table for Small Spaces, Portable Coffee Table Tray for Couch, Sofa Table with Adjustable Height for Living Room, Bedroom, Bedside and Bathtub","ZUJJAFY","$35.99","270","9","$9,717","03/31/2023","","3.9","24","","104,784","7","FBA","1","Home & Kitchen","","","","https://www.amazon.com/dp/B0CGL3FNMX"
"Average Rating Number: 4.3","","B0962TGMJ5","Rolanstar End Table with Charging Station, Narrow Side Table with 2 Wooden Drawers, USB Ports and Power Outlets, Nightstand Sofa Table for Small Spaces, Living Room, Bedroom, Rustic Brown","Rolanstar","$69.99","1,200","49","$83,988","08/30/2021","$39.53","4.7","4,414","$30.46","18,249","7","FBA","30","Home & Kitchen","Oversize","14.764 x 27.559 x 6.693 in","29.013 lb","https://www.amazon.com/dp/B0962TGMJ5"
"","","B07TZ3LWZK","Armen Living Bentley Height Adjustable Swivel Pub Table with Black Wood Finish and Black Base","Armen Living","$98.98","160","8","$15,837","07/25/2018","$62.27","4","317","$36.71","113,730","6","AMZ","7","Home & Kitchen","Oversize","26 x 7 x 26 in","26 lb","https://www.amazon.com/dp/B07TZ3LWZK"
"","","B0CKQTTG3T","SYKIARIOL Metal Side Table,Cute Nightstand, 4-Tier Small End Table with Storage,Vintage Bedside Table,Girls Bedroom Furniture,Small Coffee Table for Living Room,Bedroom,Dorm,Pink","SYKIARIOL","$49.99","165","4","$8,248","12/24/2023","","4.7","27","","192,728","","FBA","1","Home & Kitchen","","","","https://www.amazon.com/dp/B0CKQTTG3T"
"","","B0B461GPTP","Allpop TV Tray Table, TV Dinner Tray for Eating, Adjustable Folding Food Table with 6 Heights & 3 Tilt Angles, Cup Holder on Couch & Bed, Black","Allpop","$35.98","576","29","$20,724","09/11/2022","","4.4","681","","32,686","6","FBA","3","Home & Kitchen","","","","https://www.amazon.com/dp/B0B461GPTP"
"","","B07DRGZMHQ","Adjustable TV Tray Table - TV Dinner Tray on Bed & Sofa, Comfortable Folding Table with 6 Height & 3 Tilt Angle Adjustments (Black)","HUANUO","$45.99","6,055","290","$278,469","06/14/2018","$28.56","4.3","19,277","$17.43","1,731","6","FBA","43","Home & Kitchen","Oversize","17.2 x 21 x 3 in","7.65 lb","https://www.amazon.com/dp/B07DRGZMHQ"
"","","B0CJR3PDZG","BTY C Shaped Side Table Adjustable Height End Table for Small Spaces C Table with Wheels Couch Table with Storage Laptop Side Table for Sofa Living Room Bedroom (Grey)","BTY","$39.99","480","16","$19,195","12/23/2023","","3.9","7","","59,504","","FBA","1","Home & Kitchen","","","","https://www.amazon.com/dp/B0CJR3PDZG"
"","","B0C1Z9M8NY","Claiks Mobile Standing Desk, Small Rolling Standing Desk, Mobile Desk Workstation with Wheels, Pneumatic Mobile Laptop Desk for Home Office with Hook, White","Claiks","$79.99","955","21","$76,390","06/13/2023","","4.3","76","","11,986","6","FBA","1","Office Products","","","","https://www.amazon.com/dp/B0C1Z9M8NY"
"","","B0CDN3ZLV1","YANEVA Modern Bamboo Small Side Table, Moveable Tv Tray, Sofa Side Table Slide Under, Snack Table for Living Room, Laptop Rolling Table, C Shaped End Table for Couch and Sofa, Bed Side Table Tray","YANEVA","$98.75","30","1","$2,963","12/23/2023","","4.8","5","","503,710","6","FBA","1","Home & Kitchen","","","","https://www.amazon.com/dp/B0CDN3ZLV1"
"","","B09LS55ZLQ","wishacc Bamboo Book Stand Height Adjustable with Clamp, Table Side Cookbook Rest - Desktop Reading Mount Holder with Sturdy Page Clips 11 x 8.1 inch","wishacc","$49.99","161","6","$8,048","12/26/2021","$34.86","4.3","382","$15.13","39,568","6","FBA","1","Office Products","Standard","10.94 x 4.92 x 16.22 in","7.19 lb","https://www.amazon.com/dp/B09LS55ZLQ"
"","","B0BXKR6RNX","Yumkfoi Bamboo Bathtub Tray Table with Adjustable Height, Freestanding Bathtub Caddy for Tub Against Wall, Tub Organizer Suitable for Luxury Spa and House Warming Gift - Patent Protected (Black)","Yumkfoi","$35.99","964","36","$34,694","03/22/2023","","4.1","242","","25,640","7","FBA","3","Home & Kitchen","","","","https://www.amazon.com/dp/B0BXKR6RNX"
"","","B0CLQZXLQB","FAGIGY C Shaped Adjustable Height Tables, C Table End Table for Couch, Couch Tables That Slide Under, Rolling Sofa Side Table with Storage, Snack Table for Living Room, Bedroom, Brown","FAGIGY","$45.99","120","4","$5,519","12/20/2023","","4.3","14","","205,013","","FBA","1","Home & Kitchen","","","","https://www.amazon.com/dp/B0CLQZXLQB"
"","","B095P3VYHD","TigerDad Adjustable Height C Table Sofa Side Bedside Table with Wheels, Hospital Bed Table Rolling Tray with Storage, Mobile Computer Desk Laptop Table for Home Use","TigerDad","$49.99","447","21","$22,346","09/12/2021","$27.47","4.3","167","$22.52","6,819","6","FBA","1","Industrial & Scientific","Oversize","21.2 x 25.8 x 2.5 in","16.2 lb","https://www.amazon.com/dp/B095P3VYHD"
"","","B0C6LNJNQF","YUHFERA Sofa Tray Table for Couch Arm - Side Table Tray for Small Spaces, Bamboo Height Adjustable Table for Bed or Chair with Phone & Tablet Slots, TV Tray Table for Living Room, Bedroom","YUHFERA","$33.99","763","34","$25,934","05/28/2023","","4.2","96","","27,404","7","FBA","1","Home & Kitchen","","","","https://www.amazon.com/dp/B0C6LNJNQF"
"","","B01FSGZ6A4","Able Life Universal Swivel TV Tray Table, Portable Laptop Desk, Adjustable Couch Desk for Computers,Brown","Able Life Comfortably Independent","$125.00","831","31","$103,875","05/19/2016","$59.64","4.4","2,905","$65.36","29,742","6","AMZ","1","Home & Kitchen","Oversize","18 x 24 x 25 in","20 lb","https://www.amazon.com/dp/B01FSGZ6A4"
"","","B0B1D953C3","TUTOTAK Slim End Table with Charging Station, Side Table with 2 USB Ports and Outlets, C-Shaped Snack Table with Cloth Bag, TV Tray Table, Couch Table TB01BB024","TUTOTAK","$39.99","1,961","71","$78,420","07/02/2021","$26.06","4.4","387","$13.93","12,094","7","FBA","3","Home & Kitchen","Standard","13.74 x 17.52 x 4.291 in","8.882 lb","https://www.amazon.com/dp/B0B1D953C3"
"","","B09ZTL1BNK","wishacc Book Stand with Clamp, Aluminum Alloy and Bamboo Material Build, Table Side Design, Height Adjustable, Desktop Reading Mount Holder with Sturdy Page Clips (11 x 8.1 Inches)","wishacc","$47.99","247","10","$11,854","05/08/2022","$33.16","4.4","195","$14.83","24,163","6","FBA","2","Office Products","Standard","8.1 x 4.92 x 11 in","7.28 lb","https://www.amazon.com/dp/B09ZTL1BNK"
"","","B0CKNBDRC1","yamagahome Sofa Tray Table with 24-31' Adjustable Height, Small Couch Side Table with Storage Bag, Freestanding C Shaped Table Couch Arm Tray End Table for Living Room, Bedroom, Bedside, Bathroom","yamagahome","$39.99","60","2","$2,399","10/06/2023","","3.9","9","","381,468","7","FBA","1","Home & Kitchen","","","","https://www.amazon.com/dp/B0CKNBDRC1"
"","","B0CPB98WLL","MIAJO Adjustable Side Table, Swivel TV Tray Table & 360 Rotating Phone Holder, Couch Arm Tray Tables, Small Side Tables Living Room, C Shaped End Table Couch Tables That Slide Under (Natural)","MIAJO","$45.99","378","11","$17,384","10/02/2023","","3.6","45","","81,986","7","FBA","1","Home & Kitchen","","","","https://www.amazon.com/dp/B0CPB98WLL"
"","","B0CCR9QZK1","WHEARTED Adjustable C Shaped End Table - C Table Side Table forCouch and Sofa, Small Coffee Table with Metal Frame inLiving Room, Bedroom, Bedside Rustic Brown","WHEARTED","$40.96","30","1","$1,229","07/24/2023","","3.8","5","","455,763","7","FBA","1","Home & Kitchen","","","","https://www.amazon.com/dp/B0CCR9QZK1"
"","","B0CB88NJDN","Yumkfoi Couch Side Table with Adjustable Heights, Bamboo Sofa Tray Table with Storage Pocket, Liftable Couch Arm Tray Table C Table End Table TV Tray Snack Table for Living Room, Bedroom","Yumkfoi","$45.99","227","6","$10,440","08/09/2023","","4.1","59","","145,935","7","FBA","1","Home & Kitchen","","","","https://www.amazon.com/dp/B0CB88NJDN"
"","","B0CHFV4DX9","TigerDad Pneumatic Adjustable Overbed Table with Gas Spring Riser | Medical Adjustable Bed Side Table with Wheels | Portable Standing Desk for Laptop Computer","TigerDad","$98.99","127","6","$12,572","09/05/2023","","4.6","14","","23,199","7","FBA","1","Industrial & Scientific","","","","https://www.amazon.com/dp/B0CHFV4DX9"
"","","B07L9XWK16","TigerDad Over Bed Table with Wheels Adjustable | Rolling Laptop Table Overbed Desk Hospital Tray Table Sofa Chair Side Table (Black)","TigerDad","$59.99","229","10","$13,738","12/11/2018","$35.21","3.9","1,695","$24.78","14,490","6","FBA","1","Industrial & Scientific","Oversize","20.3 x 29.8 x 4.1 in","18.55 lb","https://www.amazon.com/dp/B07L9XWK16"
"","","B0C2CK1DCZ","NATFAIRY C Shaped End Table with Rolling Wheels, Height Adjustable Sofa Side Table for Small Space Bedroom, Industrial TV Tray Couch Table Cart for Living Room, Retro Brown & Black","NATFAIRY","$45.00","156","5","$7,020","04/12/2023","","5","9","","167,723","6","FBA","1","Home & Kitchen","","","","https://www.amazon.com/dp/B0C2CK1DCZ"
"","","B0C6F8VJT6","Shinoske Adjustable C Table - C Shaped Side Table with Wheels for Living Room and Bedroom,with Storage Mesh Basket,Slide Under Sofa Table or Use as Laptop Table,C Table End Table,Grey","Shinoske","$37.99","410","9","$15,576","07/25/2023","","4","37","","99,627","7","FBA","1","Home & Kitchen","","","","https://www.amazon.com/dp/B0C6F8VJT6"
"","","B0CCR6FMR1","WHEARTED Adjustable C Shaped End Table - C Table Side Table forCouch and Sofa, Small Coffee Table with Metal Frame inLiving Room, Bedroom, Bedside Rustic Gray","WHEARTED","$40.66","90","1","$3,659","07/24/2023","","3.8","10","","456,124","7","FBA","1","Home & Kitchen","","","","https://www.amazon.com/dp/B0CCR6FMR1"
"","","B0C2YM1NXM","Yumkfoi Bamboo Bathtub Tray Table with Adjustable Height, Freestanding Bath Caddy Tray Side Table for Tub Against Wall, Tub Shelf Bathroom Accessories for House Warming Gift - Patent Protected (White)","Yumkfoi","$35.99","941","36","$33,867","04/30/2023","","4.1","242","","25,640","7","FBA","1","Home & Kitchen","","","","https://www.amazon.com/dp/B0C2YM1NXM"
"","","B088DB5V13","LORYERGO TV Tray - TV Table, Folding Table Trays, w/6 Height & 3 Tilt Angle, w/Cup Holder, Dinner Tray for Eating on Couch, Laptop, Bed & Couch","LORYERGO","$45.99","2,101","64","$96,625","07/30/2020","$27.49","4.4","6,525","$18.50","13,652","6","FBA","10","Home & Kitchen","Oversize","17.3 x 21.1 x 2.9 in","7.749 lb","https://www.amazon.com/dp/B088DB5V13"
"","","B09L4NDT1L","Viozon Small Side Table,Laptop Floor Stand,22.4'~37.4' Height Adjustable,Sofa Table Round,Diameter 15',Hallway,Sofa Bed Side,Dinning","Viozon","$69.99","","","$0.00","03/03/2022","$43.73","4.3","17","$26.26","743,167","6","FBA","1","Home & Kitchen","Oversize","20 x 20.5 x 5 in","14.2 lb","https://www.amazon.com/dp/B09L4NDT1L"
"","","B0026IBSUA","Able Life Able Tray Table, Adjustable Bamboo Swivel TV and Laptop Table with Ergonomic Stand Assist Safety Handle, Independent Living Aid","Able Life Comfortably Independent","$153.17","737","36","$112,886","10/31/2000","$78.74","4.5","2,973","$74.43","21,880","6","AMZ","32","Health & Household","Oversize","18 x 34 x 20 in","15 lb","https://www.amazon.com/dp/B0026IBSUA"
"","","B0CP4NH8WR","Aerkenga 19.7 inch Laptop Computer Stand Mini Size Small Side Table, Height Adjustable Desk Rolling Desk with Wheels Bedside Table Overbed Table for Reading Eating Working","Aerkenga","$39.99","60","3","$2,399","11/28/2023","","","","","71,599","7","FBA","1","Office Products","","","","https://www.amazon.com/dp/B0CP4NH8WR"
"","","B09X395CNV","HOOBRO End Table with Charging Station and USB Ports, 3-Tier Nightstand with Adjustable Shelf, Narrow Side Table for Small Space in Living Room, Bedroom and Balcony, Rustic Brown BF112BZ01","HOOBRO","$39.99","3,010","80","$120,370","04/01/2022","","4.4","1,494","","10,420","7","FBA","12","Home & Kitchen","","","","https://www.amazon.com/dp/B09X395CNV"
"","","B08W2GGGRS","Tribesigns Height Adjustable C Table with Wheels, Mobile Couch Snack Side Table with Tiltable Drawing Board, Sofa Bedside Laptop Stand C Shaped TV Tray with Storage Shelves (Brown)","Tribesigns","$109.98","810","27","$89,084","02/04/2021","$73.90","4.3","1,087","$36.08","34,474","7","FBA","1","Home & Kitchen","Oversize","17.7 x 4 x 33.5 in","28.5 lb","https://www.amazon.com/dp/B08W2GGGRS"
"","","B00DE613WQ","Carex Hospital Bed Table and Overbed Table - Laptop Table for Recliner, Bed, and Sofa - Computer Table for Bed and Hospital Bedside Table, Hospital Tray Table Adjustable with Wheels.","Roscoe Medical","$59.10","1,558","34","$92,078","07/30/2013","$34.71","4.3","1,970","$24.39","3,989","7","AMZ","9","Industrial & Scientific","Oversize","17.62 x 32.37 x 2.87 in","22.45 lb","https://www.amazon.com/dp/B00DE613WQ"
"","","B081DY2FM7","Rolling Laptop Desk for Rolling Cart Tilting Overbed Bedside Table Desk Overbed Table with Wheels Adjustable Laptop Stand Sofa Side Table","TigerDad","$49.99","232","9","$11,598","11/12/2019","$32.73","4.2","1,116","$17.26","25,550","7","FBA","5","Office Products","Oversize","19.6 x 25.8 x 2.75 in","14.05 lb","https://www.amazon.com/dp/B081DY2FM7"
"","","B0BV6KN8Q8","QEEIG Narrow C Shaped Side Table Set of 2 Living Room Sets Slim Couch Tables Skunny Thin Small Farmhouse 7 inch Width, Rustic Brown","QEEIG","$49.82","2,999","68","$149,410","06/02/2023","","4.4","346","","12,683","6","FBA","1","Home & Kitchen","","","","https://www.amazon.com/dp/B0BV6KN8Q8"
"","","B09T6KYSCX","DECOSIS Projector Stand Tripod From 23.5' to 46.5', Laptop Tripod Stand Height Adjustable with Gooseneck Phone Holder, Laptop Floor Stand for Office, Home, Stage, Studio, DJ Racks Holder Mount","DECOSIS","$37.99","6,964","264","$264,562","02/22/2022","$26.16","4.4","2,112","$11.83","28","7","FBA","2","Musical Instruments","Standard","12.09 x 17.28 x 4.17 in","6.08 lb","https://www.amazon.com/dp/B09T6KYSCX"
"","","B0B2VZZQVG","FLEXISPOT Medical Adjustable Overbed Bedside Table with Wheels Pneumatic Mobile Standing Desk Laptop Desk Rolling Computer Cart Movable Overbed Table Hospital Home Use(27.6' W x 15.7' D, White)","FLEXISPOT","$99.99","1,657","60","$165,683","05/31/2022","$37.50","4.5","764","$62.49","14,233","7","FBA","2","Health & Household","Oversize","15.7 x 25.6 x 27.6 in","28 lb","https://www.amazon.com/dp/B0B2VZZQVG"
"","","B099Z7596K","Home Zone Living Overbed C Table, Adjustable Height with Wheels, Brown","Home Zone Living","$42.85","90","3","$3,857","07/19/2021","$19.97","4","136","$22.88","139,001","6","AMZ","6","Health & Household","Oversize","16.14 x 2.95 x 25.59 in","13.55 lb","https://www.amazon.com/dp/B099Z7596K"
"","","B0C7M4R4KZ","TigerDad Overbed Bedside Desk Mobile Rolling Laptop Stand Tilting Overbed Table with Wheels Height Adjustable Tray Table for Laptop Bed Sofa Side Table, Brown","TigerDad","$49.99","360","12","$17,996","06/09/2023","","3.9","42","","51,101","6","FBA","1","Health & Household","","","","https://www.amazon.com/dp/B0C7M4R4KZ"
"","","B0CCV5CYJM","DlandHome Mobile Bed Table 31.5 Inch, Adjustable Side Table Laptop Computer Stand Desks with Tablet Slot Cart Tray Wheels,Black2","DlandHome","$59.99","","","","07/25/2023","","4.2","1,450","","357","6","FBA","1","Laptop Stands","","","","https://www.amazon.com/dp/B0CCV5CYJM"
"","","B0B599WSWD","Maarch Folding TV Tray Table, Adjustable TV Dinner Table, Foldable Tray Table for Eating and Laptops, Wall Mountable, Light Blue","Maarch","$54.99","810","27","$44,542","11/09/2022","","4.4","472","","34,615","","FBA","","Home & Kitchen","","","","https://www.amazon.com/dp/B0B599WSWD"
"","","B0CPB91DDT","MIAJO Adjustable Side Table, Couch Tables That Slide Under with Adjustable Height, Bamboo TV Trays for Couch Arm with 360 Rotating Phone Holder, C Shaped Side Table (Black)","MIAJO","$45.99","296","8","$13,613","12/02/2023","","3.4","21","","115,097","7","FBA","1","Home & Kitchen","","","","https://www.amazon.com/dp/B0CPB91DDT"
"","","B08N17MP19","MODERNSOLID Height Adjustable Sofa Side End Table, Folding Laptop Desk Computer Table C-Shaped Overbed Table Snack Table for Couch, Coffee, Living Room, Bedroom, Small Space - Bronze","MODERNSOLID","$215.99","66","2","$14,255","11/08/2020","","4.2","68","","396,159","6","FBA","1","Home & Kitchen","","","","https://www.amazon.com/dp/B08N17MP19"
"","","B09W48XMKJ","ORGXpert C Shaped End Table with USB Ports and Outlets, Narrow Side Table with Ergonomic Height Adjustable Laptop Stand,Side Table with Charging Stati","ORGXpert","$79.98","45","1","$3,599","06/10/2022","$54.10","4.5","77","$25.88","600,915","7","FBA","30","Home & Kitchen","Oversize","13.5 x 25.5 x 3.9 in","13.1 lb","https://www.amazon.com/dp/B09W48XMKJ"
"","","B0C7R2T6YX","VASAGLE End Table, C Shaped TV Tray with Metal Frame Rolling Casters for Coffee Laptop Mobile Tablet, Industrial Side Table for Living Room Bedroom, 19.7 x 13.8 x 23.6 Inches, Cream White ULNT050W77","VASAGLE","$39.99","2,182","60","$87,258","09/14/2023","","4.5","6,533","","14,692","6","AMZ","8","Home & Kitchen","","","","https://www.amazon.com/dp/B0C7R2T6YX"
"","","B0CJ53C6LP","LIDYUK C Shaped End Table with Charging Station, Flip Top Side Table with USB Ports and Outlets, C Table Sofa Table with Storage Shelf for Living Room, Bedroom, White","LIDYUK","$59.99","163","7","$9,778","09/14/2023","","4.4","376","","122,621","7","FBA","30","Home & Kitchen","","","","https://www.amazon.com/dp/B0CJ53C6LP"
"","","B0097GMHXG","Seville Classics WEB162 Mobile Laptop Computer Desk Cart Height-Adjustable from 20.5' to 33', Slim, Walnut","Seville Classics","$47.99","872","23","$41,847","09/06/2012","$25.39","4.5","19,716","$22.60","10,890","7","AMZ","5","Office Products","Oversize","17.36 x 26.69 x 4.02 in","17.481 lb","https://www.amazon.com/dp/B0097GMHXG"
"","","B0CLGZDFZS","Tatub 24' Folding C Shaped End Table, Small Sofa Side Laptop Desk, Couch TV Tray Table for Living Room, Bedroom, Rustic Brown","Tatub","$49.99","1,020","34","$50,990","11/01/2023","","4.4","13","","27,575","7","AMZ","1","Home & Kitchen","","","","https://www.amazon.com/dp/B0CLGZDFZS"
"","","B0BZ13NJC1","Height Adjustable C Shaped End Table with Charging Station, Mobile Laptop Side Table with USB Port and Wheels, Sofa Couch Table with 2-Tier Storage Shelve for Living Room Bedroom, Rustic Brown","armocity","$109.99","253","13","$27,827","06/04/2023","","4.4","234","","72,492","7","FBA","2","Home & Kitchen","","","","https://www.amazon.com/dp/B0BZ13NJC1"
"","","B0B8S837N1","WLIVE Side Table, Small End Table, Adjustable 3-Tier Bedside Table with Sturdy Metal Frame, Tall Nightstand for Bedroom, Living Room, Sofa Table for Small Space (Rustic Brown, 1 Pack)","WLIVE","$25.99","240","8","$6,238","08/04/2022","","4.6","313","","113,521","7","FBA","1","Home & Kitchen","","","","https://www.amazon.com/dp/B0B8S837N1"
"","","B08VDQN8H5","VASAGLE C-Shaped End Table, Small Side Table for Couch, Sofa Table with Metal Frame for Living Room, Bedroom, Bedside, Rustic Brown and Black","VASAGLE","$33.99","5,039","191","$171,276","06/22/2021","$20.66","4.7","3,168","$13.33","3,283","6","FBA","5","Home & Kitchen","Standard","12.992 x 17.284 x 3.15 in","9.248 lb","https://www.amazon.com/dp/B08VDQN8H5"
"","","B0BPH7Q34H","Hadulcet Mobile Side Table, Mobile Laptop Desk Cart, Adjustable Over Bed Table with Wheels for Sofa, 31.5 x 15.7 in Rustic Brown","Hadulcet","$59.99","291","13","$17,457","12/07/2022","","4.4","353","","73,004","7","FBA","2","Home & Kitchen","","","","https://www.amazon.com/dp/B0BPH7Q34H"
"","","B0CL4VZ8D5","Raathionty Adjustable Home Office Desk Portable Study Computer Rolling Desk for Small Spaces Movable Sofa Side Table on Wheels Student Small Laptop Desk with Storage White Size 31x16 Inch","Raathionty","$59.99","140","2","$8,399","12/07/2023","","4.2","11","","390,936","6","FBA","2","Home & Kitchen","","","","https://www.amazon.com/dp/B0CL4VZ8D5"