"Export time:  1/30/2024, 12:38:59 AM","","ASIN","Product Name","Brand","Price","Monthly Units Sold","Daily Units Sold","Monthly Revenue","Date First Available","Net Revenue","Star Rating","Reviews","Amazon Fees","BSR","LQS","Seller Type","Sellers","Category","Product Tier","Dimensions","Weight","Link"
"","","B094DYL1G8","2 X Bread Bags for Homemade Bread - Plastic Lined, Reusable Linen Cloth Saver Bag For Sourdough & Homemade Bread Storage - 17' x 13' XL","Balcove","$24.99","2,876","185","$71,871","03/23/2022","","4.6","1,647","","960","6","FBA","1","Kitchen & Dining","","","","https://www.amazon.com/dp/B094DYL1G8"
"bread storage for homemade bread","","B0B2QFR517","Sonder Los Angeles, Modern Bamboo Fiber (Black) Bread Box for Kitchen Countertop with Reversible Wood Serving Lid, Homemade Bread Storage 14.25 x 9.25 x 7in, Storage Bin and Bread Container","Sonder Los Angeles","$59.95","959","39","$57,492","09/20/2022","$43.63","4.8","273","$16.32","6,955","7","FBA","1","Kitchen & Dining","Standard","9.25 x 7 x 14.25 in","4.99 lb","https://www.amazon.com/dp/B0B2QFR517"
"Average Monthly Sales: 908","","B09N3M4BDJ","GRIN BY GRIN- 2 Packs Bread Bags to Keep Fresh, Reusable Zipper for Homemade Loaf, Freezer Storage Bag, Container, Fresh Keeping Extra Large Bags, Food Bag","GRIN BY GRIN","$23.99","3,496","95","$83,869","12/05/2021","$16.62","4.4","907","$7.37","2,409","7","FBA","1","Kitchen & Dining","Standard","12 x 0.5 x 17 in","6.1 oz","https://www.amazon.com/dp/B09N3M4BDJ"
"Average Revenue: $24,667","","B087M4GGQ4","Bread Bags With Ties,100Pieces 18x4x8 Inches Reusable Plastic Bread Bags for Homemade Bread Gift Giving,Clear Bread Loaf Storage Bags","Morepack","$12.99","3,095","130","$40,204","04/22/2020","$5.90","4.7","2,267","$7.09","1,597","6","FBA","1","Kitchen & Dining","Standard","6.9 x 7.9 x 1.5 in","1.301 lb","https://www.amazon.com/dp/B087M4GGQ4"
"Average Price: $30.00","","B0CH7BBTBF","Tafura Bread Storage Container with Tray, Plastic Bread Box, Bread Container with Airtight Lid, Loaf Bread Keeper, Bread Holder for Homemade Bread, BPA Free","Tafura","$25.89","531","19","$13,748","12/25/2023","","5","6","","14,550","7","FBA","1","Kitchen & Dining","","","","https://www.amazon.com/dp/B0CH7BBTBF"
"Average No. of Ratings: 1,342","","B0C3VFKGKZ","Tiawudi 2 Pack Bread Box, Plastic Bread Container, Large Sandwich Holder, Bread Storage Container for Kitchen Counter, Bread Keeper with Airtight Lid, Bread Saver, 9 Qt / 8.5L Each","Tiawudi","$24.99","716","38","$17,893","04/27/2023","$14.51","4.3","64","$10.48","7,151","7","FBA","1","Kitchen & Dining","Standard","7.25 x 6.25 x 15 in","3.08 lb","https://www.amazon.com/dp/B0C3VFKGKZ"
"Average Sales Rank: 28,515","","B07TWY7CQ3","LARS NYSM Bread Box I Metal bread box with linen bread bag for long lasting freshness I Bread box with bamboo lid usable as cutting board I 13.4x7.3x5.3In (Cool Grey)","LARS NYSM","$36.99","1,245","23","$46,053","07/27/2020","$25.01","4.5","5,377","$11.98","11,871","6","FBA","1","Kitchen & Dining","Standard","7.68 x 5.31 x 13.39 in","3.42 lb","https://www.amazon.com/dp/B07TWY7CQ3"
"Average Rating Number: 4.4","","B0BKZJ376F","LOHASOK Double Layer Bamboo Bread Box for Kitchen Counter-Large Capacity Bread Storage Container Farmhouse Bread Box with Window Bread Holder (Black)","LOHASOK","$45.99","1,276","34","$58,683","10/30/2022","$24.83","4.2","831","$21.16","8,099","6","FBA","4","Kitchen & Dining","Oversize","9.85 x 12.99 x 15.75 in","8.25 lb","https://www.amazon.com/dp/B0BKZJ376F"
"","","B0B2QKS6Z7","Sonder Los Angeles, Modern Bamboo Fiber Bread Box for Kitchen Countertop with Reversible Wood Serving Lid, Homemade Bread Storage 14.25 x 9.25 x 7in, Storage Bin and Bread Container","Sonder Los Angeles","$59.95","1,000","39","$59,950","09/20/2022","$43.63","4.8","273","$16.32","6,955","7","FBA","1","Kitchen & Dining","Standard","9.25 x 7 x 14.25 in","5 lb","https://www.amazon.com/dp/B0B2QKS6Z7"
"","","B08KGZ4Q8Q","Barnyard Designs Large Bread Box for Kitchen Countertop, Bread Storage Container, Stainless Steel Metal Bread Box, White Farmhouse Rustic Vintage Bread Box, Farmhouse Bread Holder Bin, 13' x 4.75'","Barnyard Designs","$24.95","176","6","$4,391","09/30/2020","$14.78","4.6","118","$10.17","43,404","7","FBA","1","Kitchen & Dining","Standard","7.5 x 4.75 x 13 in","2.55 lb","https://www.amazon.com/dp/B08KGZ4Q8Q"
"","","B0C998GFHY","RISICULIS Bread Box for Kitchen Countertop, Airtight Loaf Bread Storage Container, Time Recording Bread Keeper with Lid, Bread Holder Bin for Homemade Bread, Bun, Bagel, Loaf","RISICULIS","$29.99","1,253","43","$37,577","06/24/2023","$19.06","4.5","74","$10.93","6,217","7","FBA","3","Kitchen & Dining","Standard","6.2 x 6.1 x 12 in","2.25 lb","https://www.amazon.com/dp/B0C998GFHY"
"","","B0CN95MYH5","Gifhomfix Bread Box Airtight Bread Boxes for Kitchen Counter, Time Recording Bread Storage Container with Lid, Bread Holder for Homemade Bread, Toast, Bagel, Donut and Cookies","Gifhomfix","$25.99","522","9","$13,567","11/13/2023","$17.16","4.5","16","$8.83","31,181","7","FBA","3","Kitchen & Dining","Standard","6.2 x 6.1 x 12 in","2.2 lb","https://www.amazon.com/dp/B0CN95MYH5"
"","","B09BKT3DYB","euduv Bakery Bags with Window Cookie Bags for Packaging 50Pcs 5.1x4.3x11 Inches Brown Kraft Paper Tin Tie Tab Lock Candy Bags Treat Bags, Popcorn, Coffee Bags Resealable","euduv","$15.99","94","2","$1,503","08/21/2021","$8.45","4.8","118","$7.54","91,781","6","FBA","1","Kitchen & Dining","Standard","7.323 x 11.417 x 2.835 in","1.354 lb","https://www.amazon.com/dp/B09BKT3DYB"
"","","B0C53488CL","LOHASOK Bread Box for Kitchen Countertop Large Bread Box Farmhouse Bread Container Bread Storage with Window Bread Holder Black","LOHASOK","$32.99","2,175","67","$71,753","05/11/2023","$20.41","4.3","176","$12.58","3,715","6","FBA","1","Kitchen & Dining","Standard","9.84 x 7.87 x 12.84 in","5.74 lb","https://www.amazon.com/dp/B0C53488CL"
"","","B0893JQQ43","LARS NYSM Bread Box I Metal bread box with linen bread bag for long lasting freshness I Bread box with bamboo lid usable as cutting board I 13.4x7.3x5.3In (Sage)","LARS NYSM","$43.99","1,229","23","$54,064","08/04/2020","$30.96","4.5","5,377","$13.03","11,871","6","FBA","1","Kitchen & Dining","Standard","7.28 x 5.31 x 13.39 in","3.42 lb","https://www.amazon.com/dp/B0893JQQ43"
"","","B0CJ8SVCBV","GKOKG 2 PCS Bread Box for Kitchen Countertop, Large Airtight Bread Storage Container, Bread Keeper Storage with Lid, Bread Holder Bin for Homemade Bread and Bakery Loaf","GKOKG","$39.99","199","5","$7,958","09/17/2023","$27.26","4.3","8","$12.73","49,058","7","FBA","1","Kitchen & Dining","Standard","6.1 x 6.9 x 12.8 in","4.27 lb","https://www.amazon.com/dp/B0CJ8SVCBV"
"","","B08H5NRBWV","RoyalHouse Modern Metal Bread Box with Bamboo Cutting Board Lid, Bread Storage Container for Kitchen Counter, Vintage Kitchen Decor Organizer","RoyalHouse","$22.99","1,345","38","$30,922","08/31/2020","$12.81","4.6","5,688","$10.18","7,076","6","FBA","3","Kitchen & Dining","Standard","9.4 x 5.3 x 12 in","1 lb","https://www.amazon.com/dp/B08H5NRBWV"
"","","B08GC4DHTS","HOMEKOKO Double Layer Large Bread Box for Kitchen Counter, Wooden Large Capacity Bread Storage Bin (Black)","HOMEKOKO","$45.98","2,568","93","$118,077","08/19/2020","$25.20","4.4","5,485","$20.78","2,467","7","FBA","3","Kitchen & Dining","Oversize","9.8 x 12.6 x 15.4 in","7.19 lb","https://www.amazon.com/dp/B08GC4DHTS"
"","","B087XBR564","Stasher Reusable Silicone Storage Bag, Food Storage Container, Microwave and Dishwasher Safe, Leak-free, Bundle 4-Pack Small, Clear","Stasher","$54.99","","","","04/29/2020","$41.75","4.6","3,170","$13.24","1,421","7","AMZ","7","Unique Finds","Standard","8.82 x 10.71 x 2.4 in","1.08 lb","https://www.amazon.com/dp/B087XBR564"
"","","B08NFS2MLW","Stasher Reusable Silicone Storage Bag, Food Storage Container, Microwave and Dishwasher Safe, Leak-free, Bundle 7-Pack, Clear","Stasher","$104.99","","","","11/13/2020","$81.91","4.6","1,273","$23.08","1,927","7","AMZ","3","Unique Finds","Standard","10.16 x 13.62 x 7.01 in","2.141 lb","https://www.amazon.com/dp/B08NFS2MLW"
"","","B0996B7L2H","LARS NYSM Bread Box I Metal bread box with linen bread bag for long lasting freshness I Bread box with bamboo lid usable as cutting board I 14.2x7.5x5.1 In (Sage)","LARS NYSM","$47.99","617","22","$29,610","10/07/2021","$34.36","4.5","779","$13.63","12,433","6","FBA","1","Kitchen & Dining","Standard","7.48 x 5.12 x 14.17 in","2.98 lb","https://www.amazon.com/dp/B0996B7L2H"
"","","B0BZKZ3X9S","GOULIKFUL 50PCS Kraft Paper Bread Bags with Tin Tie Tab Lock, Loaf Bag with Clear Front Window, Storage Packaging Treat Bag for Bakery Cafe Homemade Bread 10.6* 4.3* 8.7","GOULIKFUL","$17.99","150","5","$2,698","03/24/2023","","5","11","","47,461","7","FBA","1","Kitchen & Dining","","","","https://www.amazon.com/dp/B0BZKZ3X9S"
"","","B001BB2LMM","Prep Solutions by Progressive Expandable Bread Keeper with Adjustable Air Vent (Pack of 1)","Progressive International","$22.03","724","23","$15,950","10/01/2001","$11.10","4.4","13,969","$10.93","12,322","6","AMZ","7","Kitchen & Dining","Standard","8.58 x 15.85 x 7.64 in","2.599 lb","https://www.amazon.com/dp/B001BB2LMM"
"","","B0CJMF9BJJ","BAMBANG Bamboo Bread Box for Kitchen Counter, Large Capacity Bread Storage Container Farmhouse Bread Box with 3 Sides Wavy & Back Clear Window, Acrylic Breadbox Bread Bin Holder for Homemade Bread","BAMBANG","$39.99","150","5","$5,999","10/16/2023","$20.87","4.1","34","$19.12","55,249","7","FBA","1","Kitchen & Dining","Oversize","9.84 x 9.64 x 16.53 in","6.6 lb","https://www.amazon.com/dp/B0CJMF9BJJ"
"","","B0CG72R92P","OUTSHINE White Bread Box for Kitchen Countertop, Bread Box with Cutting Board Lid, White Bread Box, Small Bread Box, Bread Bin, Bread Holder for Kitchen Counter, Ceramic Bread Box, Bread Storage","OUTSHINE","$27.99","649","27","$18,166","10/26/2023","$17.36","4.8","2,976","$10.63","10,077","6","FBA","2","Kitchen & Dining","Standard","7.48 x 4.73 x 13.18 in","3.15 lb","https://www.amazon.com/dp/B0CG72R92P"
"","","B08X1W3184","White Bread Box For Kitchen Countertop With Bamboo Wood Cutting Board Lid - Farmhouse White Metal Large Bread Box Modern Style To Extend Freshness - Bread Storage Container","Nicola Living","$36.99","344","13","$12,725","02/18/2021","$25.01","4.5","360","$11.98","20,506","7","FBA","1","Kitchen & Dining","Standard","7 x 4.8 x 13 in","2.71 lb","https://www.amazon.com/dp/B08X1W3184"
"","","B0BGH2XV7X","Tiawudi 2 Pack Large Bread Box for Kitchen Countertop, Airtight Bread Storage Container for Homemade Bread and Bakery Loaf, Plastic Bread Keeper, 11.6 Qt / 11L Each","Tiawudi","$26.99","899","40","$24,264","09/25/2022","$15.61","4.5","327","$11.38","6,786","7","FBA","1","Kitchen & Dining","Standard","10 x 5.9 x 14.6 in","3.23 lb","https://www.amazon.com/dp/B0BGH2XV7X"
"","","B0BCQLV4K1","Nomotruc Bread Box with Cutting Board Lid Made with Bamboo Fiber, Large Size Stylish Bread Box For Kitchen Countertop,Bread Container Bread Holder Bread Keeper Keeping Fresh I14.4x8.3x5.6 in","Nomotruc","$27.99","61","3","$1,707","08/31/2022","$17.06","4","63","$10.93","80,981","6","FBA","1","Kitchen & Dining","Standard","8.3 x 5.6 x 14.4 in","3.04 lb","https://www.amazon.com/dp/B0BCQLV4K1"
"","","B0CH9HM9MZ","Paper Bread Bags - 30 Pack - Homemade Bread Storage Bags with Clear Window Includes Label Seal Stickers -Bakery Packaging Bags for Cookies, Bread, and Treats - Large Kraft 13.7x8.2x3.5inch Brown","Rarapop","$9.99","2,199","103","$21,968","09/04/2023","$3.97","4.6","66","$6.02","2,178","6","FBA","1","Kitchen & Dining","Standard","9 x 1.1 x 14.5 in","13.7 oz","https://www.amazon.com/dp/B0CH9HM9MZ"
"","","B0BYPSH3N5","Triiter Bread Box With Bamboo Wood Cutting Board Lid & Bread Slicer Holder, Oval Cream Color Bread Container For Kitchen Countertop, 13.8 x 7.9 x 5.7in, Bread Storage Container","Triiter","$36.99","195","8","$7,213","03/15/2023","$24.71","4.5","15","$12.28","34,633","7","FBA","1","Kitchen & Dining","Standard","7.9 x 5.7 x 13.8 in","3.91 lb","https://www.amazon.com/dp/B0BYPSH3N5"
"","","B09SNYBYFX","Tafura Bread Container | Plastic Bread Box | Bread Keeper with Airtight Lid | Bread Storage Loaf Container | Airtight Loaf Bread Saver, BPA Free, 5 Liter","Tafura","$17.89","1,075","30","$19,232","07/13/2022","$8.48","4.5","957","$9.41","9,327","6","FBA","1","Kitchen & Dining","Standard","6.8 x 6.8 x 13.25 in","1 lb","https://www.amazon.com/dp/B09SNYBYFX"
"","","B0BZBL8QFM","THINK4EARTH - 2 Packs Bread Bags, Bread Bags for Homemade Bread Loaf, Freezer Bread Storage Bag, Bread Container, Reusable Food Storage Bag, Large Bread Bags for Homemade Bread with Double Lining.","Think4Earth","$21.95","1,465","44","$32,157","03/22/2023","","3.8","188","","5,994","7","FBA","1","Kitchen & Dining","","","","https://www.amazon.com/dp/B0BZBL8QFM"
"","","B088DHGBZF","Baking & Beyond Space-Saving Bread Box with Bamboo Cutting Board Lid,13'x7.5'x5' for Kitchen Countertop, Bread Storage Container Holder, Bread Keeper Bin - Fresh Loaves","BB BAKING & BEYOND","$29.97","268","11","$8,032","08/31/2020","$18.74","4.6","1,432","$11.23","25,291","6","FBA","1","Kitchen & Dining","Standard","8 x 5.5 x 13.88 in","4.8 lb","https://www.amazon.com/dp/B088DHGBZF"
"","","B0CPDRZ927","Reusable Bread Bags for Homemade Bread, 3 Pack Sourdough Bread Bags with Sealed Zipper to Keep Fresh, Freezer Safe Bakery Bread Storage Bags with Window Extra Large Capacity 15x7.2x6.6 in","UPGENT","$16.99","298","5","$5,063","12/03/2023","$11.52","3.3","3","$5.47","48,062","7","FBA","1","Kitchen & Dining","Standard","2.5 x 0.5 x 3.5 in","3.84 oz","https://www.amazon.com/dp/B0CPDRZ927"
"","","B0BW6VM2VH","Triiter Bread Box With Bamboo Wood Cutting Board Lid & Bread Slicer Holder, Rectangular Cream Color Bread Container For Kitchen Countertop, 14.8 x 8.4 x 5.3in, Bread Storage Container","Triiter","$37.99","157","5","$5,964","02/18/2023","$25.56","4.6","16","$12.43","48,496","7","FBA","1","Kitchen & Dining","Standard","8.4 x 5.35 x 14.8 in","4.29 lb","https://www.amazon.com/dp/B0BW6VM2VH"
"","","B0CDY1RRHK","Royoroyi Bread Bags for Homemade Bread,2 Packs Reusable Bread Bag,Freezer Bread Storage Bag,Waterproof Zipper Bread Container to Keep Bread Fresh gift giving (beige Jewel Blue)","ROYOROYI","$16.99","549","20","$9,328","09/13/2023","$5.12","4","59","$11.87","13,753","7","FBA","1","Kitchen & Dining","Oversize","12 x 17 x 12 in","7.1 oz","https://www.amazon.com/dp/B0CDY1RRHK"
"","","B0C87VP9CZ","Simply H&K Linen Bread Bags [Pack of 3] with Inner Lining - Keeps Homemade Bread Fresh & Secure - Perfect for Sourdough & Gift Giving - Set of Reusable Bread Bags","Simply H&K","$26.99","136","7","$3,671","06/30/2023","","4.3","27","","36,985","6","FBA","1","Kitchen & Dining","","","","https://www.amazon.com/dp/B0C87VP9CZ"
"","","B08DNLH4QD","ETMI Bamboo Bread Box for Kitchen Counter-Large Capacity Bread Storage Container Farmhouse Bread Box with Window Bread Holder","ETMI","$33.99","2,981","115","$101,324","07/26/2020","$16.53","4.6","4,502","$17.46","1,887","7","FBA","2","Kitchen & Dining","Oversize","9.84 x 8.26 x 15.75 in","6.13 lb","https://www.amazon.com/dp/B08DNLH4QD"
"","","B09FHZ5M55","Mantah Bread Bags with Ties, Reusable, 50 Clear Bags and 50 Ties, Bread Bag For Homemade Bread And Bakery Loaf Adjustable Reusable","Mantah","$8.99","1,491","44","$13,404","09/04/2021","$3.87","4.7","1,625","$5.12","6,109","6","FBA","1","Kitchen & Dining","Standard","8 x 9.5 x 1 in","0.6 lb","https://www.amazon.com/dp/B09FHZ5M55"
"","","B0CLGQ5V4G","Large Bread Box for Kitchen Countertop - Bamboo Bread Storage Container with Cutting Board and Clear Plexiglass Window, Bread Bin, Farmhouse Bread Box, Bread Holder For Kitchen Counter (Self-Assembly)","xinyoec","$30.99","281","7","$8,708","10/19/2023","$14.36","4","203","$16.63","39,332","7","FBA","2","Kitchen & Dining","Oversize","8.26 x 9.25 x 15.75 in","8.88 lb","https://www.amazon.com/dp/B0CLGQ5V4G"
"","","B0C4987XCB","Li'l Things Eco-friendly Reusable Beeswax Bread bags | Set of 2 Sizes 13'x13' & 15x9 | 6 Different Themes | Perfect Bag for Home-Baked | Store-Bought Bread | No Plastic | Stripey Black","Li'l Things","$39.99","330","11","$13,197","05/03/2023","","4.1","18","","24,379","7","FBA","1","Kitchen & Dining","","","","https://www.amazon.com/dp/B0C4987XCB"
"","","B08SLY7ZBK","Augshy Linen Bread Bags for Homemade Bread Container, 4 Pcs 17.5 X11.5 Inches Unbleached & Reusable Bread Storage, Natural Large Storage for Artisan Bread","Augshy","$14.95","749","32","$11,198","01/10/2021","$8.94","4.1","451","$6.01","8,460","6","FBA","1","Kitchen & Dining","Standard","6.77 x 1.89 x 6.93 in","8.3 oz","https://www.amazon.com/dp/B08SLY7ZBK"
"","","B0BJ29525Z","Bread Bag, Augshy 2 Pieces Linen Bread Bags for Homemade Bread Container, 17.5 11.5 Inches Unbleached & Reusable Bread Storage, Natural Large Storage for Artisan Bread","Augshy","$9.95","494","13","$4,915","10/12/2022","","4.3","113","","21,920","6","FBA","1","Kitchen & Dining","","","","https://www.amazon.com/dp/B0BJ29525Z"
"","","B08CR1G8CS","100 Reusable Clear Bread Bags With Ties - Adjustable for Homemade Loaves and Bakery Bread","Mantah","$12.97","2,619","94","$33,968","07/09/2020","$5.88","4.7","4,438","$7.09","2,458","6","FBA","1","Kitchen & Dining","Standard","7.362 x 8.976 x 1.496 in","1.338 lb","https://www.amazon.com/dp/B08CR1G8CS"
"","","B09YHCWV4K","RISICULIS 2PCS Large Bread Box for Countertop, Stackable Double Layer Storage Container, Clear Boxes for Kitchen Counter, Bread Keeper for Homemade Bread, Bagel, Muffins, Rolls","RISICULIS","$35.99","947","28","$34,083","04/20/2022","$21.27","4.4","1,057","$14.72","9,916","7","FBA","3","Kitchen & Dining","Oversize","14 x 11 x 17.2 in","1.45 oz","https://www.amazon.com/dp/B09YHCWV4K"
"","","B084HJLN4Z","Kitchen Discovery Plastic Bread Box Container Storage - Holder for Keeping Flavor and Freshness Preserve Up To 5 Days","Kitchen Discovery","$12.99","835","30","$10,847","02/04/2020","$7.50","3.8","738","$5.49","9,237","7","FBA","3","Kitchen & Dining","Standard","5.13 x 5.25 x 13.75 in","5.6 oz","https://www.amazon.com/dp/B084HJLN4Z"
"","","B0CJTKH2XK","Large Bread Storage Container with Airtight Lid - Bread Box for Kitchen Countertop, Time Recording Bread Keeper for Homemade Bread, Bagel, Cookies, Cupcakes | with Stainless Steel Tongs(Grey)","Aulin","$30.99","150","5","$4,649","09/25/2023","$19.61","4.6","6","$11.38","50,844","5","FBA","1","Kitchen & Dining","Standard","8.9 x 6.1 x 12.8 in","2.64 lb","https://www.amazon.com/dp/B0CJTKH2XK"
"","","B0CMQJLNVZ","AOROTOE Bread Boxes For Kitchen Counter Airtight Breas Box Large Capacity Bread Bin Bread Storage Container With Lid Bread Keeper Bread Box For Homemade Bread Modern Bakery Loaf Yellow","AOROTOE","$28.99","30","1","$869.70","12/20/2023","","4.5","2","","186,517","","FBA","1","Kitchen & Dining","","","","https://www.amazon.com/dp/B0CMQJLNVZ"
"","","B0CN97S983","ZEAYEA Bread Box for Kitchen Countertop, Airtight Bread Storage Container, Time Recording Plastic Bread Keeper for Homemade Bread Bagel Loaf, Fresh Container for Vegetable Fruit Fridge Organizer","ZEAYEA","$21.99","221","5","$4,860","11/13/2023","$12.90","","","$9.09","50,369","6","FBA","1","Kitchen & Dining","Standard","5.5 x 6.1 x 11.4 in","1 lb","https://www.amazon.com/dp/B0CN97S983"
"","","B0CR1H8QG9","SilTriangle 2 Pcs Reusable Bread Bags for Homemade Bread with Plastic Lined 17 x 13 Inch Bread Bags Bread Storage Bags Bread Saver Bag for Fresh and Soft Homemade Bread Sourdough Loaf Sandwich Food","SilTriangle","$16.99","","","","01/29/2024","","","","","","7","FBA","1","","","","","https://www.amazon.com/dp/B0CR1H8QG9"
"","","B0CB7MDC3M","Famyards Acacia Wooden Bread Box for Kitchen Counter Large Bread Storage Farmhouse Bread Food Box with Window Bread Holder","Famyards","$38.99","102","2","$3,977","11/22/2023","$25.21","3.7","15","$13.78","100,008","6","FBA","1","Kitchen & Dining","Standard","1 x 1 x 1 in","8.47 lb","https://www.amazon.com/dp/B0CB7MDC3M"
"","","B0BX65QMC3","Bread Bags for Homemade Bread Christmas Plastic Bread Bags with Twist Ties Clear Bread Bags Black Buffalo Plaid Baked Bread Bags Fresh Bread Bag for Home Bakers and Bakery 10 x 20 Inch (50 Pcs)","Sabary","$12.99","233","8","$3,027","02/28/2023","","4.4","27","","34,781","7","FBA","1","Kitchen & Dining","","","","https://www.amazon.com/dp/B0BX65QMC3"
"","","B07ZXLPQFS","Linen Bread Bags, Pack of 4 Large and Extra Large Natural Unbleached Bread Bags, Reusable Drawstring Bag for Loaf, Homemade Artisan Bread Storage, Linen Bags for Food Storage, Ideal Gift for Bakers","KOALAND","$27.99","133","2","$3,723","11/01/2019","$20.02","4.4","1,358","$7.97","98,399","6","FBA","1","Kitchen & Dining","Standard","12.6 x 15.6 x 0.2 in","0.6 lb","https://www.amazon.com/dp/B07ZXLPQFS"
"","","B08NXS45NX","Think4Earth - (2 Pack) Bread Bag - Reusable freezer bread bag for homemade bread maker gift giving - Bread Container for Sourdough Loafs Storage, Large Bread Bags for Homemade Bread with Lining","Think4Earth","$21.95","1,620","57","$35,559","01/31/2020","$15.12","4.1","2,093","$6.83","4,513","7","FBA","1","Kitchen & Dining","Standard","7.874 x 1.89 x 4.724 in","0.088 lb","https://www.amazon.com/dp/B08NXS45NX"
"","","B0CPLRHH9X","Woanger 6 Pcs Reusable Bread Bags for Homemade Bread Plastic Inside Lining to Keep Bread Fresh Linen Container Saver Bag for Sourdough & Homemade Bread Storage(Stylish)","Woanger","$26.99","60","2","$1,619","","","","","","92,916","","FBA","","Kitchen & Dining","","","","https://www.amazon.com/dp/B0CPLRHH9X"
"","","B0BVM5Q39F","Liamee Modern Bread Box For Kitchen Countertop, Large metal Bread Keeper Storage Container With Bamboo Cutting BoardFarmhouse Bread Box For Homemade BreadBanana Bread Container For Loaf Cakes, White","LiaMeE","$28.99","142","6","$4,117","02/12/2023","$18.21","4","68","$10.78","45,091","6","FBA","1","Kitchen & Dining","Standard","7.2 x 5.6 x 13.1 in","3.9 lb","https://www.amazon.com/dp/B0BVM5Q39F"