"Export time:  1/28/2024, 5:43:37 PM","","ASIN","Product Name","Brand","Price","Monthly Units Sold","Daily Units Sold","Monthly Revenue","Date First Available","Net Revenue","Star Rating","Reviews","Amazon Fees","BSR","LQS","Seller Type","Sellers","Category","Product Tier","Dimensions","Weight","Link"
"","","B0CBB19T1Z","Sasylvia Wooden and Bamboo Book Press Portable Binding Press Book Press Bookbinding for Bookbinding Supplies (11.6 x 7.9 Inch)","Sasylvia","$38.99","372","10","$14,504","07/06/2023","$26.71","3.6","21","$12.28","23,160","6","FBA","2","Office Products","Standard","7.99 x 2.44 x 12.36 in","3.8 lb","https://www.amazon.com/dp/B0CBB19T1Z"
"Bamboo Book Press","","B0BZBW3DCH","Wooqu Book Press, 7.9x11.6, Bamboo Wood, Portable, Pre-Assembled, for Bookbinding","Wooqu","$42.99","102","6","$4,385","03/22/2023","","4.9","11","","27,550","6","FBA","1","Arts, Crafts & Sewing","","","","https://www.amazon.com/dp/B0BZBW3DCH"
"Average Monthly Sales: 1,236","","B0CPV9XMW1","whciaxd Book Press,Bamboo Wood Bookbinding Press,Book Binding Press Finishing Press for Handmade Bookbinding Tool Flower Press 12.5 * 7.8Inch","whciaxd","$42.86","","","$0.00","12/08/2023","$32.66","","","$10.20","235,086","7","FBA","1","Office Products","Standard","7 x 2 x 7 in","9.6 oz","https://www.amazon.com/dp/B0CPV9XMW1"
"Average Revenue: $33,171","","B0CQ71MZV7","FEATCH Wooden and Bamboo Book Press - Portable Binding Press for Bookbinding Supplies (11.6 x 7.9 Inch)","FEATCH","$29.99","120","4","$3,599","12/29/2023","","","","","53,081","","FBA","1","Office Products","","","","https://www.amazon.com/dp/B0CQ71MZV7"
"Average Price: $39.58","","B0CCSM8P1X","SCITROFACTORY Book Press, Book Press Machine, Book Binding Press, Portable Book Press Bookbinding for Handmade Bookbinding, Manual Paper Press, Bamboo Flower Press 13 * 7.7 inch","SCITROFACTORY","$42.99","162","5","$6,964","08/30/2023","","4.5","18","","43,303","6","FBA","1","Office Products","","","","https://www.amazon.com/dp/B0CCSM8P1X"
"Average No. of Ratings: 449","","B0CNRN1283","11.6x7.9 Inch Wooden Bamboo Book Press, Stable Book Binding Tool Convenient Bookbinding Supplies for DIY Book","NQEUEPN","$41.99","","","$0.00","11/20/2023","","3.5","2","","353,604","7","FBA","1","Office Products","","","","https://www.amazon.com/dp/B0CNRN1283"
"Average Sales Rank: 218,193","","0881929360","Timber Press Pocket Guide to Bamboos","Ted Jordan Meredith","$38.26","","","","10/31/2009","$28.69","4.5","35","$9.57","588,647","3","FBA","1","Books","Standard","8.3 x 0.6 x 5.9 in","0.9 lb","https://www.amazon.com/dp/0881929360"
"Average Rating Number: 4.5","","B0CM934ZT5","Wenqik 11.61 x 7.68 Inch Book Press Bamboo Wood Bookbinding Press Portable Book Press Bookbinding for Bookbinding Supplies","Wenqik","$39.99","86","3","$3,439","10/30/2023","$27.56","5","2","$12.43","70,430","7","FBA","1","Office Products","Standard","10.28 x 1.5 x 13.27 in","3.74 lb","https://www.amazon.com/dp/B0CM934ZT5"
"","","B0CP43FBTB","FOWSRHRG Book Binding Kits,Wooden Book Press 11.6 * 8in Bamboo Binding Machine Square Bookbinding Supplies Fits in Printing Industry, Home, Office,Paper Crafts,Notebooks,Presses Flowers with Screw","","$45.99","","","","","","","","","","","FBA","","","","","","https://www.amazon.com/dp/B0CP43FBTB"
"","","B07VR4V49S","E-Found Bookbinding Press Screw Papermaking Book Notes Invoice Flattening Machine Heavy Press Bookbinder Steel 11.8 in X 8.5IN Flat Paper Press Machine for Photo Nipping Vouchers Checks Booklets","E-Found","$169.99","","","$0.00","07/26/2019","$122.63","4.7","27","$47.36","245,023","6","FBA","1","Office Products","Oversize","14.5 x 16.5 x 11 in","34.551 lb","https://www.amazon.com/dp/B07VR4V49S"
"","","B0CJ4FK7PS","BENECREAT Wooden Bookbinding Press Large Press Bookbinder 15x1.5 Inch Flat Paper Press Machine Wood Form Factor Padding Press for Home, School, Office DIY Bookbinding","BENECREAT","$16.79","150","5","$2,519","09/30/2023","","3.9","4","","44,352","7","FBA","2","Office Products","","","","https://www.amazon.com/dp/B0CJ4FK7PS"
"","","B0C6TH591C","VEVOR Book Press Machine 12X8.6 inch for A4 Sized Papers, Flatting Machine 10cm Thickness Steel Frame Manual Bookbinding Press Machine Papermaking Paper Press","VEVOR","$83.69","68","3","$5,691","05/31/2023","$50.04","4.1","7","$33.65","52,127","7","AMZ","2","Arts, Crafts & Sewing","Oversize","14 x 10 x 15 in","33 lb","https://www.amazon.com/dp/B0C6TH591C"
"","","B0C7GD2LYZ","HIIMIEI Flower Press Kit, Acrylic Flower Preserving Kit for Adults & Kids, Large DIY Arts and Craft Kit, Great Gift for Arts and Crafts Lovers(10x10 Inches)","HIIMIEI","$45.99","15","1","$689.85","06/07/2023","","4.7","15","","191,937","6","FBA","1","Toys & Games","","","","https://www.amazon.com/dp/B0C7GD2LYZ"
"","","B01GOO7HL0","Gel Press Monoprinting Print Plate - 8 X 10 Gel Plate - Printmaking Supplies - Reusable Gel Printing Plate for Press Art for Card Making, Scrapbooking, Journaling, Arts and Crafts, Home Decor","Gel Press","$25.99","2,520","84","$65,495","06/05/2016","$16.95","4.8","8,353","$9.04","1,239","7","FBA","3","Arts, Crafts & Sewing","Standard","9.5 x 12.3 x 0.3 in","1.151 lb","https://www.amazon.com/dp/B01GOO7HL0"
"","","B07Y3VZ9D5","Grow Your Pantry Bamboo Tofu Press with Drip Tray - Best Tofu Press, Tofu Strainer, and Tofu Drainer - Easy-to-Clean and Easily Drain Water From Tofu and Other Food - Includes a Tofu Recipe Ebook!","GROW YOUR PANTRY","$25.99","145","5","$3,769","09/18/2019","$16.30","4.2","559","$9.69","47,591","7","FBA","1","Kitchen & Dining","Standard","6.575 x 11.614 x 2.992 in","2.006 lb","https://www.amazon.com/dp/B07Y3VZ9D5"
"","","B0C815H9YF","UtySty 6 Pack Book Stand Page Clip Holder Press Torsion Spring Replacement Repair Parts for Reading Bamboo Tray Cookbook Music Book Frame Rest Desktop Ricer","UtySty","$8.88","42","1","$372.96","06/13/2023","$4.63","5","2","$4.25","167,106","7","FBA","1","Office Products","Standard","0.04 x 0.47 x 4.72 in","0.96 oz","https://www.amazon.com/dp/B0C815H9YF"
"","","B0CC626QX1","Noamus Flower Press Kit, 7' x 9.5' 6-Layer Wooden Leaves Pressing Kit for Adult, Solid Wood Book Pressed Plant Preservation Kit, DIY Arts Dried Flowers Craft Tool for Children Gift","Noamus","$18.99","60","2","$1,139","07/17/2023","","4","2","","148,307","7","FBA","1","Toys & Games","","","","https://www.amazon.com/dp/B0CC626QX1"
"","","B07MGSYWHC","100-Pack Cold Press Bamboo Paper Sheets for Mixed Media, Drawing, Painting, 120GSM (8.5 x 11 in)","Juvale","$12.99","353","11","$4,585","05/15/2019","$5.90","4.4","461","$7.09","13,404","6","FBA","1","Arts, Crafts & Sewing","Standard","8.583 x 11.024 x 0.748 in","1.733 lb","https://www.amazon.com/dp/B07MGSYWHC"
"","","B0CQK13SXG","8 Pieces Cardboard Tools, Plastic Bone Folder Book Binding Kit Paper Creaser Set Origami Paper Set Scrapbooking Scoring Burnishing Tool for DIY Paper & Leather Crafts, Office Card Making Supplies","Mozeat Lens","$7.29","30","1","$218.70","12/17/2023","","","","","127,720","7","FBA","1","Arts, Crafts & Sewing","","","","https://www.amazon.com/dp/B0CQK13SXG"
"","","B07T1FPVD3","INTBUYING Manual Paper Press Machine A4 Book Steel Notes Invoice Bookbinder Press Bookbinding Notes Office Invoice Bookbinder Flattening Machine 3306lbs (1500kg) Pressure","INTBUYING","$178.99","21","","$3,759","06/13/2019","$130.66","4.3","66","$48.33","272,864","6","FBA","1","Office Products","Oversize","14.96 x 17.48 x 11.57 in","33.799 lb","https://www.amazon.com/dp/B07T1FPVD3"
"","","B0CD21ZDF5","BENECREAT 14 PCS Wooden Bookbinding Tools, Wooden Hand Tools, Long and T-Shaped and Straight Edges, for Books with Spine, Double Cover Construction, Album Covers","BENECREAT","$11.99","159","4","$1,906","08/14/2023","","4.5","12","","34,731","7","FBA","2","Arts, Crafts & Sewing","","","","https://www.amazon.com/dp/B0CD21ZDF5"
"","","B07KJZ7VFS","VEVOR Manual Paper Press Machine 12X8.6 inch for A4 Sized Papers Flatting Machine 10cm Thickness Steel Frame Manual Flat Paper Press Machine Papermaking Book Press","VEVOR","$83.69","103","4","$8,620","11/13/2018","$50.42","4.3","160","$33.27","51,576","7","AMZ","4","Office Products","Oversize","14 x 9 x 15 in","31.8 lb","https://www.amazon.com/dp/B07KJZ7VFS"
"","","B0CHBKM8RR","Sthmeyue Bookbinding kit and Corner Miter Tool for Album Making.Contains 4 Different Beveled Edge Sizes.","Sthmeyue","$13.99","101","4","$1,413","09/04/2023","$8.35","4.7","11","$5.64","57,082","6","FBA","1","Office Products","Standard","2.4 x 1.06 x 3.35 in","2.39 oz","https://www.amazon.com/dp/B0CHBKM8RR"
"","","1441334629","Bamboo Recipe Box Set (includes 50 recipe cards and 24 dividers)","PETER PAUPER PRESS","$22.99","","","","06/16/2020","$11.95","4.7","682","$11.04","90,139","","AMZ","13","Books","Standard","6.89 x 11.299 x 4.961 in","2.015 lb","https://www.amazon.com/dp/1441334629"
"","","B0C68WMC8Y","Hygge & Sage Extra Large Wooden Flower Press Artistry Kit with Nature Journal | 6-Layer, 8 x 11 Inch Flower Pressing Kit for Adults with Extra Blotting Paper, Scissors, Tweezers and Bonus Ebook","Hygge & Sage","$43.98","129","5","$5,673","08/26/2023","","4.9","32","","54,408","7","FBA","1","Toys & Games","","","","https://www.amazon.com/dp/B0C68WMC8Y"
"","","B086Q4TRG8","TofuBud Tofu Press - Tofu Presser for Firm or Extra Firm Tofu, Tofu Press Dishwasher Safe - Tofu Maker with Water Drainer Made from Durable Sustainable Materials - Tofu Cookbook Included","TofuBud","$26.95","2,436","76","$65,650","04/01/2020","$17.77","4.7","3,373","$9.18","3,185","6","FBA","1","Kitchen & Dining","Standard","5.158 x 5.984 x 4.961 in","1.04 lb","https://www.amazon.com/dp/B086Q4TRG8"
"","","B0CJ6VHL7S","DAFENCHI Ball Brause Sprinkler for Wet Felting, Sprinkler Ball Brauser, Wet Felting Tools, Water Sprinkler Felting Equipment, Wet Felting Water Sprinkler Supplies","DAFENCHI","$14.99","78","1","$1,169","09/15/2023","","5","2","","126,218","7","FBA","1","Arts, Crafts & Sewing","","","","https://www.amazon.com/dp/B0CJ6VHL7S"
"","","B0C945MS2H","Lightwish Watercolor Journal, 100% Cotton Hot Press Watercolor Paper,140lb/300gsm Acid-Free, 24 Sheets 3.54x5.51 Sketchbook for Adults, Students, and Kids","LIGHTWISH","$11.99","114","8","$1,367","06/22/2023","","4.3","30","","19,942","6","FBA","1","Arts, Crafts & Sewing","","","","https://www.amazon.com/dp/B0C945MS2H"
"","","B07SVYB9YF","TECHTONGDA Manual Paper Press Machine A4 Book Press Bookbinding Notes Office Invoice Steel Flattening Machine 3306lbs/1500kg Pressure","TECHTONGDA","$169.99","12","","$2,040","06/09/2019","$123.01","4.2","18","$46.98","270,017","6","FBA","1","Office Products","Oversize","14.9 x 16.8 x 11.7 in","33.25 lb","https://www.amazon.com/dp/B07SVYB9YF"
"","","1592288375","Handcrafting Bamboo Fly Rods","Wayne Cattanach","$16.89","","","","01/14/2001","$7.42","4.4","71","$9.47","577,280","","AMZ","1","Books","Standard","8.402 x 0.799 x 10.701 in","1.25 lb","https://www.amazon.com/dp/1592288375"
"","","B0CLV5LWNQ","Farady Hardwood Floor Repair Kit, Wood Floor Repair Kit with 11 Colors Repair Wax Blocks, Wood Furniture Repair Kit, Restore Any Scratches, Cracks for Wood Floors, Cabinet, Table, Door, Bookcase","Farady","$22.99","68","1","$1,563","11/20/2023","$15.77","4","1","$7.22","194,212","7","FBM","1","Health & Household","Standard","7.09 x 1.57 x 7.87 in","9.17 oz","https://www.amazon.com/dp/B0CLV5LWNQ"
"","","B086BTRKDL","Bamboo Tofu Press, Built in Tofu Strainer and Drip Tray with Cheesecloth- Easily Remove Water from Tofu, Tofu Drainer and Squeezer, Fit for Tofu Size 16oz, Great Gift for Tofu Lover","YARKOR","$23.98","710","21","$17,026","03/24/2020","$15.24","4.3","1,595","$8.74","13,122","7","FBA","2","Kitchen & Dining","Standard","5.94 x 9.69 x 2.13 in","1.87 lb","https://www.amazon.com/dp/B086BTRKDL"
"","","B0BYJP5XTL","Taja Password Keeper Book with Alphabetical TabsSmall Password Books for Seniors, Password Notebook for Internet Website Address Log in Detail, Password Logbook to Help You Stay Organized - Black","Taja","$9.99","11,847","703","$118,352","03/14/2023","$5.42","4.7","1,185","$4.57","110","7","FBA","1","Office Products","Standard","5.2 x 0.7 x 6.8 in","8.1 oz","https://www.amazon.com/dp/B0BYJP5XTL"
"","","088192685X","Hardy Bamboos: Taming the Dragon","Paul Whittaker","$38.26","","","","04/21/2005","$28.43","4.7","47","$9.83","1,110,770","1","FBA","1","Books","Standard","7.323 x 1.102 x 10.315 in","2.4 lb","https://www.amazon.com/dp/088192685X"
"","","B0CHHFKWPV","OBright Seraph - Cordless LED Table Lamp with Dimmer, Built-in Rechargeable Battery, 3-Level Brightness, Patio Table Lamp, Bedside Night Lamp, Ambient Light for Restaurant, Antique Brass","O'Bright","$44.99","13,395","502","$602,641","09/05/2023","$31.51","4.2","193","$13.48","219","7","FBA","1","Tools & Home Improvement","Standard","6.25 x 16 x 6.25 in","1.79 lb","https://www.amazon.com/dp/B0CHHFKWPV"
"","","B0CGCCQ1S7","EDISHINE LED Table Lamp, Minimalist Bedside Lamp with 3 Dimmable Color Temperature, Touch Nightstand Lamp, Stepless Corner Light for Bedroom, Living Room, Gift, Reading, Metal Finish, Gold, 2PCS","EDISHINE","$45.99","90","3","$4,139","08/22/2023","$32.70","4.3","4","$13.29","102,510","7","FBA","1","Tools & Home Improvement","Standard","9.06 x 2.24 x 16.93 in","2.43 lb","https://www.amazon.com/dp/B0CGCCQ1S7"
"","","1682680304","Fundamentals of Building a Bamboo Fly-Rod","Countryman Press","$33.60","","","","06/01/2016","$21.62","4.5","75","$11.98","284,939","","AMZ","10","Books","Standard","0.7 x 11 x 8.6 in","1.58 lb","https://www.amazon.com/dp/1682680304"
"","","B0CB7DJ9YN","TEANAGOO Matcha Kit + 2 Cups with Storage box, 12 Pcs Travel Matcha Tea Set, Ceramic Matcha Bowl (18oz), Matcha Cup(7.2oz), Bamboo Whisk(百本立), Sifter, WS1, Rock Charcoal Grey, Best Matcha Gift","TEANAGOO","$50.99","1,844","46","$94,026","07/05/2023","","3.2","3","","19,736","7","FBA","1","Home & Kitchen","","","","https://www.amazon.com/dp/B0CB7DJ9YN"
"","","B0BHF26Z4B","CFS Products Padding Clamp  Easy to Use, Small Form Factor Padding Press for Home, School, Office Or DIY Use","CFS Products","$69.95","30","1","$2,099","10/03/2022","","3.6","11","","247,253","6","FBA","1","Tools & Home Improvement","","","","https://www.amazon.com/dp/B0BHF26Z4B"
"","","B0CFQT28NK","SEAMEW 10-Piece Chinese Calligraphy Brush Set - Premium Watercolor Brushes for Kanji, Japanese Sumi, Painting, Drawing, Art Supplies with Roll-up Bamboo Brush Holder","SEAMEW","$14.49","418","16","$6,057","08/14/2023","$8.55","4.5","37","$5.94","9,436","7","FBA","1","Arts, Crafts & Sewing","Standard","2.4 x 2 x 13 in","7.8 oz","https://www.amazon.com/dp/B0CFQT28NK"
"","","B08JG2X76B","Tegg Bone Folder 2PCS Bone Paper Creaser Scoring Board Tool for Making Card Bookbinding Paper Crafts Leather Crafts","Tegg","$6.59","23","1","$151.57","09/17/2020","$2.68","4.4","135","$3.91","141,262","6","FBA","1","Arts, Crafts & Sewing","Standard","2.32 x 8.03 x 0.51 in","0.073 lb","https://www.amazon.com/dp/B08JG2X76B"
"","","1604542454","Indiana Bamboo","Meira Rosenberg","$12.00","","","","04/06/2017","$5.83","5","11","$6.17","2,373,872","2","AMZ","1","Books","Standard","5.906 x 8.898 x 0.315 in","0.5 lb","https://www.amazon.com/dp/1604542454"
"","","B0CKQWXL8B","Glenmal Teacher Appreciation Gift Valentines Day Gift Bulk Spiral Notebook Thank You Gift for Teachers from Students Inspirational Journal with Bamboo Pens for 100 Days of School Classroom(50 Sets)","Glenmal","$58.99","86","5","$5,073","10/08/2023","$41.61","5","5","$17.38","46,913","7","FBA","1","Office Products","Standard","10 x 5.16 x 12.2 in","10.25 lb","https://www.amazon.com/dp/B0CKQWXL8B"
"","","B0C1YWFXKW","Kisston Pocket Notebook with Pens Set Bulk Small Memo Notepad with Bamboo Journal Pens for Employee Appreciation Thank You Gifts Office Coworkers Employee Volunteer(100 Sets)","Kisston","$43.99","50","","$2,200","04/09/2023","$33.85","4.8","10","$10.14","229,081","6","FBA","1","Office Products","Standard","8.35 x 2.99 x 11.85 in","3.53 oz","https://www.amazon.com/dp/B0C1YWFXKW"
"","","B094Y656RR","ZZWS Book Stand for Reading Bamboo Book Stand with Light Desktop Book Stands Adjustable Laptop Stands Cookbook Stand Mutifunctional Reading Stand for Home Kitchen Office School (Medium Size)","ZZWS","$32.99","130","3","$4,289","05/13/2021","$22.25","4.7","143","$10.74","68,992","6","FBA","1","Office Products","Standard","9.25 x 1.18 x 13.39 in","2.59 lb","https://www.amazon.com/dp/B094Y656RR"
"","","B0BQWKQKS2","400 GSM / 25 Sheets - Rough/Textured Drawing/Sketching Paper - 8 X 6 inche - Handmade/Deckle Edge Paper Made from Virgin Egyptian Cotton - Off-White by Leather Village","LEATHER VILLAGE","$20.99","654","19","$13,727","12/21/2022","","4.4","160","","7,501","7","FBA","1","Arts, Crafts & Sewing","","","","https://www.amazon.com/dp/B0BQWKQKS2"
"","","0881925071","Bamboo for Gardens","Ted Jordan Meredith","$13.99","","","","12/02/2001","$-3.24","4.8","69","$17.23","454,273","3","FBA","1","Books","Standard","7.835 x 10.512 x 1.299 in","3.08 lb","https://www.amazon.com/dp/0881925071"
"","","B0BRN8RZGD","XSUPER Wooden Led Wall Sconces, 360 Rotatable Dimmable Wall Lights, Rechargeable Cordless Wall Mounted Lamp, Magnetic Touch Control Led Night Light for Reading Study Bedside (Beech Wood)","XSUPER","$19.99","86","2","$1,719","01/03/2023","$13.22","4.1","7","$6.77","171,685","7","FBA","1","Tools & Home Improvement","Standard","2.4 x 3.9 x 2.8 in","7.04 oz","https://www.amazon.com/dp/B0BRN8RZGD"
"","","B09MKLSDY8","MESSKETEERS - DIY Combo Bookmark Sketchpad for Artists, 300gsm Cotton & 320gsm Premium Ivory Papers","MESSKETEERS","$20.00","60","3","$1,200","12/15/2021","","4.4","44","","43,996","6","FBA","1","Arts, Crafts & Sewing","","","","https://www.amazon.com/dp/B09MKLSDY8"
"","","490207558X","Blue Bamboo: Tales by Dazai Osamu","Kurodahan Press","$12.80","","","","01/16/2013","$6.63","4.7","302","$6.17","241,351","3","AMZ","16","Books","Standard","5.039 x 0.787 x 7.874 in","0.573 lb","https://www.amazon.com/dp/490207558X"
"","","B0CFV25SPP","Choowin Foldable Magazine Rack Floor Stand Brochure Display Stand Literature Display Rack Holder Bamboo Wood Magazine Rack for Home Office Retail Display Exhibitions Trade Show Portable 5 Pockets","Choowin","$89.99","","","$0.00","08/15/2023","$58.82","5","3","$31.17","1,592,227","7","FBA","1","Home & Kitchen","Oversize","16.5 x 10.47 x 17.36 in","14.07 lb","https://www.amazon.com/dp/B0CFV25SPP"
"","","B09L3FH1F5","Alas Complete 20 Piece Sushi Making Set - Kit for Beginners & Pros with Knife, 2 Mats, Rice Bazooka and Dipping Plate","Alas","$22.99","9,030","301","$207,600","11/03/2020","$13.75","4.6","3,381","$9.24","445","7","FBA","2","Kitchen & Dining","Standard","6.22 x 12.32 x 3.5 in","2.011 lb","https://www.amazon.com/dp/B09L3FH1F5"
"","","B0BZHS2HP5","Taja Address Book with Alphabetical Tabs,Hardcover Address Book Large Print for Record Contacts, Small Address Book to Store All Your Important Informations In One Place - Spring Flowers","Taja","$10.19","3,535","180","$36,022","03/29/2023","$5.59","4.7","592","$4.60","1,011","7","FBA","1","Office Products","Standard","5.2 x 0.7 x 6.8 in","8.3 oz","https://www.amazon.com/dp/B0BZHS2HP5"