"Export time:  1/28/2024, 5:52:46 PM","","ASIN","Product Name","Brand","Price","Monthly Units Sold","Daily Units Sold","Monthly Revenue","Date First Available","Net Revenue","Star Rating","Reviews","Amazon Fees","BSR","LQS","Seller Type","Sellers","Category","Product Tier","Dimensions","Weight","Link"
"","","B07RY2ZY4V","Amazon Basics Rectangular Plastic Desk Organizer, letter size Tray, Black, 2-Pack","Amazon Basics","$14.37","6,999","265","$100,576","09/24/2019","$6.42","4.5","1,308","$7.95","575","6","AMZ","7","Office Products","Standard","10.118 x 13.465 x 2.402 in","1.713 lb","https://www.amazon.com/dp/B07RY2ZY4V"
"letter tray desk organizer","","B08PBFKGJG","Marbrasse 6 Tier Paper Organizer Letter Tray - Mesh Desk File Organizer with Handle, Paper Sorter Organizer for Letter/A4 Office File Folder Holder - Black","Marbrasse","$21.99","9,461","328","$208,047","11/29/2020","$12.26","4.7","2,878","$9.73","414","6","FBA","3","Office Products","Standard","13.937 x 17.323 x 3.228 in","5.739 lb","https://www.amazon.com/dp/B08PBFKGJG"
"Average Monthly Sales: 1,238","","B09KBZCBP3","Sinboun Letter Tray Paper Organizer 5-Tier Desk Organizer File Organizer Paper Holder with Handle, Metal Desktop Document Shelf Tray Office Classroom Organization - Black","Sinboun","$18.99","3,038","69","$57,692","10/25/2021","$9.41","4.7","784","$9.58","3,378","6","FBA","1","Office Products","Standard","13.78 x 14.173 x 2.402 in","4.195 lb","https://www.amazon.com/dp/B09KBZCBP3"
"Average Revenue: $29,547","","B09FFS8QF2","Mr. Pen- Letter Tray Desk Organizer, Plastic, 2 Pack, White File Organizer for Desk, Paper Organizer for Desk, Paper Holder for Desk, White Desk Organizer, Paper Tray Organizer, Office Desk Organizers","Mr. Pen","$14.99","314","11","$4,707","09/02/2021","","4.4","177","","21,155","6","FBA","1","Office Products","","","","https://www.amazon.com/dp/B09FFS8QF2"
"Average Price: $25.57","","B0CB5V8PQ6","DAOUTIME 3-Tier Paper Organizer Letter Tray, Wooden Desk File Organizer, Stackable Metal Mesh Desk Organizer for A4 Printer Paper Storage. Small Filing cabinets for Home Office School, Rustic Brown","DAOUTIME","$22.99","900","29","$20,691","08/14/2023","","4.5","122","","8,568","7","FBA","1","Office Products","","","","https://www.amazon.com/dp/B0CB5V8PQ6"
"Average No. of Ratings: 841","","B0CF5D4Z1V","LEKETREE Desk Organizers and Accessories, 5-Tier Paper Letter Tray Organizer with File Holder, Desktop Organizer for Office Supplies, Office Desk Accessories & Workspace(Black)","LEKETREE","$24.99","3,139","90","$78,444","09/12/2023","","4.3","149","","2,479","6","FBA","1","Office Products","","","","https://www.amazon.com/dp/B0CF5D4Z1V"
"Average Sales Rank: 25,865","","B0CFVYSC1M","Youbetia 5 Tier Paper Letter Tray Organizer with Mesh File Holder, Desk Accessories & Workspace Desktop Organizers with Drawer and Pen Holder, Office Supplies Desk Organizer (Rose Gold)","Youbetia","$32.99","1,628","56","$53,708","09/21/2023","$14.54","4.6","137","$18.45","4,270","7","FBA","1","Office Products","Oversize","9.45 x 11.25 x 16.15 in","5.6 lb","https://www.amazon.com/dp/B0CFVYSC1M"
"Average Rating Number: 4.6","","B07V9JRTLL","SimpleHouseware 6 Trays Desk Document File Tray Organizer with Supplies Sliding Drawer, Black","Simple Houseware","$22.87","667","19","$15,254","07/14/2019","$12.41","4.7","10,553","$10.46","12,821","5","FBA","1","Office Products","Standard","12.09 x 15.79 x 3.98 in","5.311 lb","https://www.amazon.com/dp/B07V9JRTLL"
"","","B08DYCSKFQ","EASEPRES Paper Organizer Tray, 3 Tier Mesh Desk File Organizer Letter Sorter Holder for Home Office, Black","EASEPRES","$19.99","965","35","$19,290","07/29/2020","$11.20","4.4","761","$8.79","7,132","6","FBA","1","Office Products","Standard","9.449 x 14.134 x 2.48 in","2.91 lb","https://www.amazon.com/dp/B08DYCSKFQ"
"","","B07HQ6WF9F","eMerit Wood Desktop Organizer Paper Storage Letter Tray File Sorter with Adjustable Shelves for Home Office,White","EMERIT","$30.99","546","20","$16,921","09/25/2018","$19.01","4.6","1,197","$11.98","12,532","6","FBA","2","Office Products","Standard","12.5 x 16.5 x 4.5 in","7 lb","https://www.amazon.com/dp/B07HQ6WF9F"
"","","B0CG165SW9","izBuy Letter-Size Tray Desk Letter Tray Paper Tray - Single-Tier Plastic (2-Pcs) Stackable Desktop Organizer Paper Holder Front-Load Documents Tray for Office Supplies File, Black","izBuy","$22.99","540","18","$12,415","04/17/2023","","4.8","12","","13,984","6","FBA","1","Office Products","","","","https://www.amazon.com/dp/B0CG165SW9"
"","","B0CPXZH87V","Clear Stackable Paper Trays 4 Pack, Desktop Racks with 4 File Bags, PET Clear Desk Letter Tray Set, Stackable Desk Organizer for Books, Magazines, Folders, A4 Size File Paper, Notes, Pens -Clear","Noger","$23.99","113","4","$2,711","09/14/2023","","4.3","5","","58,821","7","FBA","1","Office Products","","","","https://www.amazon.com/dp/B0CPXZH87V"
"","","B08FM9ZD2M","Marbrasse 4-Trays Desktop File Organizer with Pen Holder | Paper Letter Tray with Drawer and 2 Pen Holder | Mesh Office Supplies Desk Organizer for Home Office (Black)","Marbrasse","$24.99","1,085","45","$27,114","08/10/2020","$14.51","4.5","2,448","$10.48","5,354","6","FBA","7","Office Products","Standard","9.646 x 4.528 x 13.583 in","4.784 lb","https://www.amazon.com/dp/B08FM9ZD2M"
"","","B07K96BMXB","Amazon Basics Rectangular Stackable Office Letter Size Organizer Desk Tray, Pack of 2, Black","Amazon Basics","$16.14","625","26","$10,088","05/08/2019","$7.93","4.6","2,884","$8.21","9,552","6","AMZ","6","Office Products","Standard","10 x 2.5 x 13.3 in","1.4 lb","https://www.amazon.com/dp/B07K96BMXB"
"","","B0B3LKDB2G","JAFUSI Paper Letter Tray Organizer with Drawer for Desk, 7 Tier Mesh Desktop File Organizer with Handle, Paper Sorter Holder Desk Tray for A4 Letter Home Office","JAFUSI","$39.98","120","4","$4,798","05/12/2022","","4.4","192","","55,790","6","FBA","1","Office Products","","","","https://www.amazon.com/dp/B0B3LKDB2G"
"","","B0CDLWR147","CiWiVOKi Desk Letter Tray, Set of 4 Office Organization and Storage, PET Letter Tray Desk Organizer, Stackable Document Organizer for Notes, Pens, File Paper and Desk, Black","CiWiVOKi","$32.99","1,078","40","$35,563","08/02/2023","","4.8","107","","6,106","7","FBA","1","Office Products","","","","https://www.amazon.com/dp/B0CDLWR147"
"","","B09L5PPZXN","Tomorotec Desk Letter Tray Set, A4 Size Clear PET Stackable Document Organizer Office Desktop File Paper Holder Book Storage Rack Side Load Anti-Skid Stacking Support Convex Bottom (2X Landscape)","Tomorotec","$19.99","1,002","32","$20,030","11/05/2021","$10.56","4.7","391","$9.43","7,698","7","FBA","2","Office Products","Standard","11.142 x 13.819 x 3.307 in","2.163 lb","https://www.amazon.com/dp/B09L5PPZXN"
"","","B0BP18NB3D","DALTACK 9-Tier Paper Letter Tray Desk Organizer with Handles, Mesh File Holder Organization, Paper Sorter Desk Organizer for Office Home School,Black","DALTACK","$28.99","1,370","45","$39,716","12/04/2022","","4.7","474","","5,399","6","FBA","3","Office Products","","","","https://www.amazon.com/dp/B0BP18NB3D"
"","","B0BTLCN3HW","SimArtz 5-Tier Paper Letter Tray Organizer with File Holder - Desk Organizer with Drawer and Pen Holders, Rust-Resistant Metal Mesh Desktop Organizer - Perfect for Home & Office Supplies (Black)","SimArtz","$29.89","210","7","$6,277","12/19/2023","","5","8","","34,459","","FBA","1","Office Products","","","","https://www.amazon.com/dp/B0BTLCN3HW"
"","","B0B12HD1XR","LUCYCAZ File Organizer - Paper Tray Organizer for Desk, 4 Tier Wood Desk Organizer for Hanging File Folders Letter Size or A4 Size, Desktop File Organizer for Office School and Home, Black","LUCYCAZ","$27.47","387","14","$10,631","07/17/2022","$17.56","4.4","232","$9.91","16,761","7","FBA","1","Office Products","Standard","13 x 2 x 12 in","1 lb","https://www.amazon.com/dp/B0B12HD1XR"
"","","B0CGLBLKMR","Wenqik Stackable Paper Trays Rectangular Plastic Desk Tray Holder Desktop Document File Paper Organizer Plastic Storage Letter Tray for Office Classroom, Black(4 Pcs)","Wenqik","$26.99","318","9","$8,583","08/24/2023","","4.4","6","","26,925","7","FBA","1","Office Products","","","","https://www.amazon.com/dp/B0CGLBLKMR"
"","","B0CMY182P7","NCXTKJ Mesh Desk Organizer Tray, 4-Tier Paper Letter Tray Organizer with Handle, Metal Desktop Document Shelf File Organizer for Letter/A4 Office Classroom Organization - Black","NCXTKJ","$19.98","472","16","$9,431","11/07/2023","","4.5","21","","15,315","7","FBA","1","Office Products","","","","https://www.amazon.com/dp/B0CMY182P7"
"","","B09MTW2C12","Set of 2 Vintage Wood & Metal Letter TrayDesk Organizers Paper TrayOffice File Organizer(Black)","ZNMYDMT","$25.99","317","8","$8,239","11/30/2021","$15.36","4.3","440","$10.63","29,334","6","FBA","1","Office Products","Standard","10.512 x 15.354 x 3.504 in","4.473 lb","https://www.amazon.com/dp/B09MTW2C12"
"","","B08SMHZV1Q","GDINDINFAN Wood Desktop Letter Tray File Organizer, Paper Storage Mail Sorter with 3 Adjustable Drawer Boards for Home and Office, Black","GDINDINFAN","$29.59","308","12","$9,114","01/10/2021","$17.82","4.6","170","$11.77","20,646","6","FBA","1","Office Products","Standard","11.417 x 15.787 x 2.874 in","6.173 lb","https://www.amazon.com/dp/B08SMHZV1Q"
"","","B0CF5D76GS","gianotter 5-Tier Paper Letter Tray Organizer with File Holder, Desk Organizer with Drawer and Pen Holder, Mesh Desktop Storage with Magazine Holder for Office Supplies (White)","gianotter","$30.99","835","11","$25,877","09/29/2023","","4.6","78","","21,331","6","FBA","1","Office Products","","","","https://www.amazon.com/dp/B0CF5D76GS"
"","","B0CJM6DQQJ","LALOBLUE Set of 4 Office Organization and Storage, Clear PET Letter Tray Desk Organizer, Stackable Document Organizer and File Paper Organizer for Office Supplies","LALOBLUE","$29.99","90","3","$2,699","12/26/2023","","5","8","","65,007","","FBA","1","Office Products","","","","https://www.amazon.com/dp/B0CJM6DQQJ"
"","","B0B49D7NPX","Samstar Paper Tray Organizer, Mesh Desk Organizer with 5 Tier Letter Tray File Rack Shelves,1 Extra Vertical Magazine File Holder and Pen Holder, Black","samstar","$26.97","1,031","17","$27,806","06/15/2022","$15.59","4.7","382","$11.38","14,770","6","FBA","1","Office Products","Standard","13.5 x 14.37 x 3.46 in","6.061 lb","https://www.amazon.com/dp/B0B49D7NPX"
"","","B06ZYJ9MWW","3 Pack - Stackable Desk File Document Letter Tray Organizer, Black","Simple Houseware","$21.87","839","32","$18,349","04/18/2017","$12.16","4.5","4,802","$9.71","7,736","4","FBA","1","Office Products","Standard","11.1 x 3.5 x 13.8 in","2.7 lb","https://www.amazon.com/dp/B06ZYJ9MWW"
"","","B08T767BYP","Leather Letter Tray, THIPOTEN Elegant Desk Organizer for Office Supplies, Mail, Paper, File, Magazine, Perfect Office Organization for Desktop(Black)","Thipoten","$23.99","334","12","$8,013","01/15/2021","$13.96","4.8","133","$10.03","20,471","6","FBA","1","Office Products","Standard","11.732 x 14.488 x 2.756 in","1.808 lb","https://www.amazon.com/dp/B08T767BYP"
"","","B0BLS1C7ZM","Becomrock Desk Organizers, 4-Tier Paper Letter Tray Organizer with Drawer and Pen Holder, Mesh Desktop Organizer, Office Supplies Desk Accessories (Black)","Becomrock","$18.99","658","39","$12,495","12/19/2022","$4.16","4.4","297","$14.83","6,302","6","FBA","2","Office Products","Oversize","13.5 x 9.3 x 9.3 in","3.97 lb","https://www.amazon.com/dp/B0BLS1C7ZM"
"","","B09QKDY1YY","Supeasy 5 Tier Desk Organizer with Handle, Mesh Paper/File Organizer for Desk, Paper Tray Organizer for Office Supplies Black","SUPEASY","$17.98","5,791","300","$104,122","01/16/2022","$2.16","4.7","2,367","$15.82","475","6","FBA","4","Office Products","Oversize","12.5 x 13.5 x 9.5 in","1 lb","https://www.amazon.com/dp/B09QKDY1YY"
"","","B0B9Y3YL58","BOHDK Desk Organizer with Hanging File Holder, Paper Letter Tray Organizer with Drawer and Pen Holder, Mesh Desktop Organizer and Storage for Office Supplies(Black)","BOHDK","$29.99","593","24","$17,784","08/16/2022","","4.6","671","","10,365","7","FBA","1","Office Products","","","","https://www.amazon.com/dp/B0B9Y3YL58"
"","","B088NZ5LKX","PAG 2 Tier Desktop File Organizer Metal Stackable Letter Tray Paper Holder Rack for Desk, Black","PAG","$21.99","580","18","$12,754","05/14/2020","$12.26","4.6","136","$9.73","13,877","6","FBA","1","Office Products","Standard","10.236 x 15.197 x 3.425 in","1 lb","https://www.amazon.com/dp/B088NZ5LKX"
"","","B09HWSL56C","Desk Paper Storage Tray 7 Tier, File Organizer Paper Sorter Mail Letter Holder Tray Desktop Document Paper Tray White File Tray Rack for Office School Home Magazine Scrapbook Paper Folders,1210","Patoper","$29.99","30","1","$899.70","10/06/2021","$20.71","4.7","31","$9.28","118,736","7","FBA","1","Office Products","Standard","12.756 x 17.441 x 2.638 in","4.328 lb","https://www.amazon.com/dp/B09HWSL56C"
"","","B09T627XW5","4 Tier Stackable A4 Filing Trays, Office Desk File Rack, Tidy File Document Letter Paper Organizer (4 Tiers,White)","HKeeper","$36.00","530","14","$19,080","07/29/2022","","4.7","451","","17,603","6","FBA","2","Office Products","","","","https://www.amazon.com/dp/B09T627XW5"
"","","B09K5927B5","Marbrasse Desk Organizer with File Holder, 5-Tier Paper Letter Tray Organizer with Drawer and 2 Pen Holder, Mesh Desktop Organizer and Storage with Magazine Holder for Office Supplies(Black)","Marbrasse","$32.99","6,566","178","$216,612","10/22/2021","$20.56","4.5","3,208","$12.43","1,024","7","AMZ","4","Office Products","Standard","13 x 4.72 x 15.7 in","6.6 lb","https://www.amazon.com/dp/B09K5927B5"
"","","B0BCHQS73X","Tunnkit 2 Pack Stackable Letter Tray Paper Organizer, Metal Desk Organizer Tray for Letter/A4 Paper Storage, Suitable for Office, School, Home, Black","Tunnkit","$15.99","685","25","$10,953","08/30/2022","","4.5","158","","10,097","6","FBA","2","Office Products","","","","https://www.amazon.com/dp/B0BCHQS73X"
"","","B0CCP6L7MG","Eufrozy 3 Tier Stackable Letter Tray Paper Organizer, White Desk Paper Tray for Office Desktop Organizing, Cardboard Inbox, File Sorter, A4 Paper Turn in Tray, Document Storage, Mail Holder","Eufrozy","$23.99","82","1","$1,967","07/23/2023","","5","36","","136,464","7","FBA","1","Office Products","","","","https://www.amazon.com/dp/B0CCP6L7MG"
"","","B0BX67B1XQ","LUCYCAZ Wood Desk Organizer, 3-Tier Stackable Letter Tray Paper Organizer for Desk, Vintage File Organizer with Pen Holder for Office, School and Home, Black","LUCYCAZ","$20.99","209","4","$4,387","02/28/2023","","4.3","154","","53,204","7","FBA","1","Office Products","","","","https://www.amazon.com/dp/B0BX67B1XQ"
"","","B09Q2PG8ZF","SETTFRFE 4-Tier Letter Tray Desk Organizer, Mesh File Stackable Paper Tray Organizer for Desk, Desktop Paper Sorter Literature Organizer Rack for Home, Office, School, Black.","SETTFRFE","$27.95","349","12","$9,755","01/09/2022","$17.03","4.4","118","$10.92","20,785","6","FBA","1","Office Products","Standard","10.984 x 14.488 x 4.252 in","3.841 lb","https://www.amazon.com/dp/B09Q2PG8ZF"
"","","B004ILOSO6","Dacasso Bonded Leather Desktop Tray Luxury Letter Holder & Paper Organizer for Desk, Dark Brown","Dacasso","$39.20","102","5","$3,998","12/22/2010","$27.53","4.6","89","$11.67","45,670","7","AMZ","6","Office Products","Standard","11 x 2.4 x 14 in","2.7 lb","https://www.amazon.com/dp/B004ILOSO6"
"","","B0C3GM11GH","gianotter Paper Letter Tray Organizer with File Holder, 4-Tier Desk Accessories & Workspace Organizers with Drawer and 2 Pen Holder, Desk Organizers and Accessories for Office Supplies","gianotter","$27.99","5,200","106","$145,548","06/14/2023","","4.6","954","","2,017","6","FBA","1","Office Products","","","","https://www.amazon.com/dp/B0C3GM11GH"
"","","B07B3NDQ86","Samstar Desk File Organizer, Mesh Letter File Folder Holder with 3 Paper Trays and 2 Vertical Upright Section, Black.","samstar","$22.87","915","28","$20,926","06/17/2017","$13.01","4.6","1,813","$9.86","8,799","6","FBA","1","Office Products","Standard","12.087 x 13.583 x 2.677 in","3.413 lb","https://www.amazon.com/dp/B07B3NDQ86"
"","","B07TQ6L6F8","Samstar Letter Tray Paper Organizer, Mesh Desk File Organizer with 5 Tier Shelves and Sorter, Black","samstar","$20.87","1,098","20","$22,915","08/19/2019","$11.01","4.7","3,593","$9.86","12,316","6","FBA","1","Office Products","Standard","13.78 x 14.48 x 2.95 in","4.98 lb","https://www.amazon.com/dp/B07TQ6L6F8"
"","","B0BMVJSJQ7","Sinboun Letter Tray Paper Organizer 8-Tier Desk Organizer File Organizer Paper Holder with Handle, Metal Desktop Document Shelf Tray Office Classroom Organization - Black","Sinboun","$25.99","3,303","69","$85,845","11/17/2022","","4.7","784","","3,378","6","FBA","1","Office Products","","","","https://www.amazon.com/dp/B0BMVJSJQ7"
"","","B0BMTBBTDN","NiOffice 2-Tier Acrylic Letter Tray Combination Set Extra High and Regular Clear Stackable Desk Paper Tray Office Supplies Organizer with Bottom Bars, Letter Size Desk Accessories Storage Organization","NiOffice","$37.99","120","4","$4,559","11/17/2022","","4.3","44","","51,608","7","FBA","1","Office Products","","","","https://www.amazon.com/dp/B0BMTBBTDN"
"","","B093G9FKPX","Snughome Vintage Wood File Organizer Desktop, 13.4 Document Letter Mail Tray Sorter with 3 Adjustable Shelves, Wooden Desktop Paper File Sorter Holder for School Home Office Supplies","Snughome","$33.58","248","8","$8,328","04/25/2021","$20.31","4.6","383","$13.27","29,807","7","FBA","1","Office Products","Standard","11.575 x 16.929 x 4.095 in","9.987 lb","https://www.amazon.com/dp/B093G9FKPX"
"","","B0CNWZBY3J","JMHUD 5-Tier Paper Letter Tray Organizer with Pen Holder, Mesh Desk Accessories & Workspace Organizers with Handle, File Sorter Office Supplies for Desk,Black","JMHUD","$27.99","578","6","$16,178","11/23/2023","$10.67","4.5","2","$17.32","37,716","7","FBA","1","Office Products","Oversize","9.25 x 13.38 x 13 in","4.44 lb","https://www.amazon.com/dp/B0CNWZBY3J"
"","","B0BXKBW4GW","JMHUD 8-Tier Paper Letter Tray Organizer with Handles, Desk Organizers & Accessories, Desk Paper Organizer for Office, Home or School,Black","JMHUD","$24.99","766","19","$19,142","03/05/2023","","4.7","88","","13,230","6","FBA","1","Office Products","","","","https://www.amazon.com/dp/B0BXKBW4GW"
"","","B0CJYD4TML","VEESUN Desk Organizer, Mesh Paper Organizer Letter Tray With Vertical File Holder For Office Organization Supplies,Black","VEESUN","$24.98","132","4","$3,297","09/26/2023","","4.8","72","","54,996","7","FBA","1","Office Products","","","","https://www.amazon.com/dp/B0CJYD4TML"
"","","B0C1NPRRKP","5 Trays Desk Paper Organizer with Drawer & Pen Holders, Paper Letter Tray Desktop Organizer Office Supplies for Home Office School Organization","GoldOrcle","$25.99","1,473","35","$38,283","04/05/2023","","4.6","492","","7,148","6","FBA","1","Office Products","","","","https://www.amazon.com/dp/B0C1NPRRKP"
"","","B0CNVMCNFX","JMHUD 3-Tier Paper Letter Tray Organizer with Pen Holder, Mesh Desk Accessories & Workspace Organizers with Handle, File Sorter Office Supplies for Desk,Pink","JMHUD","$25.99","60","2","$1,559","","","","","","79,168","","FBA","","Office Products","","","","https://www.amazon.com/dp/B0CNVMCNFX"
"","","B0968JFXXT","DALTACK 3 Tier Letter Tray Paper Organizer Mesh Metal Desk File Organizer for Home & Office, Black","DALTACK","$19.99","1,701","46","$34,003","05/30/2021","$10.56","4.6","1,023","$9.43","5,304","6","FBA","1","Office Products","Standard","10.28 x 14.17 x 2.68 in","3.351 lb","https://www.amazon.com/dp/B0968JFXXT"
"","","B0C7GQ1YNH","LiebeRen Wood Desk Organizer, Paper Tray, Stackable Letter Tray Organizer, 2-Tier Farmhouse Desk Tray, for School Office Supplies,Documents Workspace Organizer","LiebeRen","$19.99","60","","$1,199","06/07/2023","","4","8","","178,712","6","FBA","1","Office Products","","","","https://www.amazon.com/dp/B0C7GQ1YNH"
"","","B0CMY1RRPT","NCXTKJ 3-Tier Letter Tray Paper Organizer with Handle, Compact Mesh Desk File Organizer for Home Office Supplies Desktop Accessories","NCXTKJ","$17.58","505","16","$8,878","11/07/2023","","4.5","21","","15,315","6","FBA","1","Office Products","","","","https://www.amazon.com/dp/B0CMY1RRPT"
"","","B09GK2FW9Z","Snughome Stackable Paper Letter Tray Desk Organizer, Desk Organizer Stackable Paper Tray, Wood and Metal Desktop File Organizer and Storage, Letter Tray Paper Organizer, Inbox Tray for Desk","Snughome","$21.98","396","11","$8,704","09/16/2021","$11.65","4.5","92","$10.33","21,196","7","FBA","1","Office Products","Standard","11.93 x 14.68 x 4.13 in","4.52 lb","https://www.amazon.com/dp/B09GK2FW9Z"
"","","B0B6H8LBSK","2 Pack- Stackable Paper Letter Tray, A4 File Tray Desk Organizer, Acrylic Desk Organizers and Accessories Sorter Tray, Clear Workspace Office Supplies Organizers, 12.4inx8.86inx3.46in","SANRUI","$29.90","193","8","$5,771","07/13/2022","","4.9","30","","30,420","6","FBA","1","Office Products","","","","https://www.amazon.com/dp/B0B6H8LBSK"
"","","B08PXTPR3T","Gallaway Leather Letter Tray Desk Organizer - Paper Tray for Desk,Premium PU Leather Tray Perfect for Office Organization, Document Holder Fits A4 Paper, Stackable Drawers for Extra Desk Storage.","GALLAWAY LEATHER","$24.99","218","10","$5,448","12/07/2020","$15.45","4.7","220","$9.54","23,392","6","FBA","1","Office Products","Standard","10 x 13 x 2.05 in","2.299 lb","https://www.amazon.com/dp/B08PXTPR3T"
"","","B0BBD548CF","SUPEASY Mesh Desk Organizer with File Holder, 5-Tier Paper Letter Tray Organizer with Magazine Holder, Desktop Organizer and Storage with Drawer for Office Supplies Home or School, Black","SUPEASY","$29.99","1,171","30","$35,118","08/20/2022","$10.85","4.5","589","$19.14","8,118","6","FBA","2","Office Products","Oversize","12.01 x 11.02 x 15.94 in","4 lb","https://www.amazon.com/dp/B0BBD548CF"