"Export time:  1/30/2024, 12:48:09 AM","","ASIN","Product Name","Brand","Price","Monthly Units Sold","Daily Units Sold","Monthly Revenue","Date First Available","Net Revenue","Star Rating","Reviews","Amazon Fees","BSR","LQS","Seller Type","Sellers","Category","Product Tier","Dimensions","Weight","Link"
"","","B09GKC3D8V","100 Pieces Lanyards for Id Badges and 100 Pieces Id Holder Badges , Flat Neck Lanyards with Clip Waterproof Clear Plastic Resealable Vertical Name Tag Badge ID Card Holders (Black)","Marspark","$19.99","524","22","$10,475","09/16/2021","$11.20","4.6","420","$8.79","11,022","6","FBA","2","Office Products","Standard","8.03 x 2.87 x 11.06 in","2.14 lb","https://www.amazon.com/dp/B09GKC3D8V"
"lanyards for id badges and keys","","B0BF2RK2ZD","SEE-IT! 104 & 52 Qty Sets Badge Holder with Lanyard Name Tag Holder and Lanyards 4x3 Size Quick Load No Zipper Name Badge Holders Lanyards with id Holder Lanyards for id Badges Clear Plastic (104)","SEE-IT!","$27.99","402","17","$11,252","09/11/2022","$17.36","4.4","143","$10.63","14,151","7","FBA","3","Office Products","Standard","3 x 0.01 x 4 in","3.3 lb","https://www.amazon.com/dp/B0BF2RK2ZD"
"Average Monthly Sales: 1,165","","B0C4TNGLT8","Geyoga 200 Pcs Lanyards for ID Badges Neck Lanyard Work Lanyard Office ID Card Lanyards for Women Men Kids","Geyoga","$26.99","90","3","$2,429","05/09/2023","","4.1","4","","59,887","7","FBA","1","Office Products","","","","https://www.amazon.com/dp/B0C4TNGLT8"
"Average Revenue: $13,818","","B07XCZNB8Z","Badge Lanyards Neck Bulk Cruise Lanyards Black Lanyard with Clip for ID Card Name Tags Badge Holders (Black, 50 Pack)","Ollain","$15.99","441","20","$7,052","09/02/2019","$9.82","4.6","356","$6.17","12,564","6","FBA","1","Office Products","Standard","5.16 x 2.56 x 8.5 in","9.2 oz","https://www.amazon.com/dp/B07XCZNB8Z"
"Average Price: $14.22","","B09MFCSKZ1","DELSWIN Heavy Duty Retractable Lanyard - Breakaway Lanyards for ID Badges Keys, Retractable Keychain with Upgraded Carabiner, Key Ring, and 2-Card Thumb-Slot Badge Holder, 8 oz Retraction","DELSWIN","$12.99","647","25","$8,405","11/29/2021","$8.12","4.5","402","$4.87","10,086","7","FBA","1","Office Products","Standard","2.32 x 0.01 x 3.86 in","4.6 oz","https://www.amazon.com/dp/B09MFCSKZ1"
"Average No. of Ratings: 1,041","","B0C7G12YMQ","Retractable ID Badge Holder with Breakaway Lanyard,Heavy Duty Badge Reel,Detachable Keychain, Cruise Ship Cards Holder,for Nurse Officer Teacher Security Staff Women Men","happyhbt","$5.99","3,118","103","$18,677","06/07/2023","$2.17","4.5","146","$3.82","2,094","7","FBA","1","Office Products","Standard","3.94 x 0.1 x 4.72 in","3.52 oz","https://www.amazon.com/dp/B0C7G12YMQ"
"Average Sales Rank: 27,208","","B09H4DQWC8","Lanyards for Id Badges 3 Pack Badge Lanyard with 6 Pcs Id Badge Holder Retractable Stainless Steel Teacher Cruise Ship Lanyards Stocking Stuffers for Women Adults (Black, Silver, Rose Gold)","Prudiut","$9.99","2,031","70","$20,290","09/24/2021","$5.57","4.3","1,584","$4.42","3,306","6","FBA","1","Office Products","Standard","4.53 x 0.71 x 6.69 in","3.52 oz","https://www.amazon.com/dp/B09H4DQWC8"
"Average Rating Number: 4.5","","B07GBPJN6X","Beebel Blue Lanyard Bulk Lanyards for Id Badges Flat Lanyard with Badge Clip Swivel Hook 50 Pack","Beebel","$15.98","1,870","74","$29,883","08/08/2018","$9.81","4.6","2,222","$6.17","3,096","6","FBA","1","Office Products","Standard","6.22 x 1.85 x 8.15 in","11.4 oz","https://www.amazon.com/dp/B07GBPJN6X"
"","","B07KWG5LP7","SEE-IT! 330 pcs Make 110 Name Tag Holders with Lanyards and White Insert Cards, Horizontal Clear Plastic Badge Protector ID Holder Waterproof Heavy Duty Reusable Business School Church Conference","SEE-IT!","$23.99","369","19","$8,852","11/25/2018","$13.96","4.4","1,030","$10.03","13,156","7","FBA","1","Office Products","Standard","11.89 x 3.74 x 11.89 in","3.32 lb","https://www.amazon.com/dp/B07KWG5LP7"
"","","B07NPR11Q1","Lanyard 100 Pack Bulk Badge Lanyards for ID Badges Neck Cruise Lanyard Name Tag Lanyard ID Holder","Bird Fiy","$31.99","597","25","$19,098","07/16/2019","$22.05","4.7","501","$9.94","9,894","6","FBA","1","Office Products","Standard","5.669 x 8.425 x 2.559 in","1.411 lb","https://www.amazon.com/dp/B07NPR11Q1"
"","","B017BU8AX0","Name Tags,Bird Fiy 50 Pcs Waterproof Type Clear Plastic Horizontal Name Tag Badge Id Card and 50 Pcs Blue Lanyard","Bird Fiy","$23.96","602","24","$14,424","10/28/2015","$15.23","4.6","1,088","$8.73","10,379","6","FBA","1","Office Products","Standard","6.8 x 2.7 x 8.6 in","1.3 lb","https://www.amazon.com/dp/B017BU8AX0"
"","","B0BW45QMYJ","Personalized ID Badge Holder with Lanyard, Flower Retractable Badge Reel with Carabiner Clip, Breakaway Lanyard for Keys, Initial Black Work ID Name Card Holder for Teacher Women Gifts (Letter J)","Mcapirivo","$9.99","419","10","$4,186","02/16/2023","$5.57","4.7","282","$4.42","22,918","7","FBA","1","Office Products","Standard","2.5 x 0.12 x 4 in","2.2 oz","https://www.amazon.com/dp/B0BW45QMYJ"
"","","B0C2HFDT7H","Cute Lanyard with ID Holder Pink Case and Retractable Badge Reel Clip, Glitter Arrow Motivational Keychain Key Lanyard for Women Work Nametag Teacher","moxunmo","$8.99","570","19","$5,124","04/13/2023","$-1.30","4.4","109","$10.29","12,988","6","FBA","1","Office Products","Oversize","2.7 x 0.6 x 23 in","2.29 oz","https://www.amazon.com/dp/B0C2HFDT7H"
"","","B08CRL2DFX","Wisdompro 2 Pack of 23 inch Durable Round Cord Heavy Duty Lanyard with Safety Breakaway Buckle, Detachable Buckle and Metal Hook for ID Card Badge Holder and Keys - Black and Army Green","Wisdompro","$11.99","2,243","69","$26,894","07/09/2020","$7.27","4.6","2,967","$4.72","3,359","6","FBA","1","Office Products","Standard","4.33 x 0.51 x 6.5 in","2.46 oz","https://www.amazon.com/dp/B08CRL2DFX"
"","","B07ZFB3C1R","Ollain Badge Lanyards Flat Lanyard Swivel Hooks Durably Neck Bulk lanyards with Clip","Ollain","$16.97","627","22","$10,640","08/09/2019","$10.65","4.7","613","$6.32","11,145","5","FBA","1","Office Products","Standard","5.67 x 2.09 x 7.95 in","9.9 oz","https://www.amazon.com/dp/B07ZFB3C1R"
"","","B0C96TZMFX","100 Pcs Lanyards for ID Badges and 100 Pcs Clear Name Tag Holders Reusable Lanyard with Clip Plastic ID Card Badge Holder Name Badges for Adults Kids Business School Office Supplies (Gray)","Lecpeting","$21.99","291","12","$6,399","06/25/2023","$12.90","4.3","47","$9.09","20,541","7","FBA","1","Office Products","Standard","9.49 x 3.07 x 12.32 in","2.4 lb","https://www.amazon.com/dp/B0C96TZMFX"
"","","B0B368PRPT","100Pcs Clear Plastic Horizontal Name Tags Badge ID Card Holders and 100Pcs Black Lanyards with Clip lanyards for id Badges (Black)","LOCONHA","$25.99","739","24","$19,207","06/03/2022","$16.30","4.4","220","$9.69","10,511","6","FBA","1","Office Products","Standard","3.35 x 0.01 x 3.94 in","2.18 lb","https://www.amazon.com/dp/B0B368PRPT"
"","","B09JSK1J7N","Marspark 100 Sets Clear Lanyard with ID Holder Bulk Flat Lanyard with Retractable Badge Plastic Name Badge Holder with J Hook Clip Waterproof Lanyard with Badge Holder for Business","Marspark","$22.99","42","1","$965.58","10/18/2021","$13.75","4.7","73","$9.24","108,199","6","FBA","1","Office Products","Standard","8.03 x 3.03 x 9.37 in","2.4 lb","https://www.amazon.com/dp/B09JSK1J7N"
"","","B09YS2QBWX","bolimoss Wallet Lanyard for id Badges,Lanyard Wallet for Women,Fashion Badge Holder with Zipper (Light Yellow)","bolimoss","$13.08","1,097","45","$14,349","04/25/2022","$8.20","4.5","1,200","$4.88","5,357","6","FBA","1","Office Products","Standard","3.15 x 0.2 x 4.72 in","2.39 oz","https://www.amazon.com/dp/B09YS2QBWX"
"","","B0BBQFXYYP","Cute Teacher Lanyards for Id Badges and Keys, Retractable ID Badge Holder with Detachable Lanyard, Fashionable Badge Reel Heavy Duty with Carabiner Clip, Nurse Teacher Office Gifts","GIANCOMICS","$8.58","1,800","60","$15,444","08/23/2022","$4.16","4.6","887","$4.42","3,938","7","FBA","1","Office Products","Standard","2.6 x 0.12 x 4.1 in","2.89 oz","https://www.amazon.com/dp/B0BBQFXYYP"
"","","B0BZPQ46C7","Badge Lanyard and ID Badge Holder, Retractable Badge Reels with Carabiner Reel Belt Clip, Strap Lanyard with Lobster Clasp for Badge Holders, Nurse Teacher Office Gifts(BLC-Purple Butterfly)","BILLTEFUL","$6.97","1,100","36","$7,667","03/26/2023","$2.38","4.5","313","$4.59","6,854","7","FBA","1","Office Products","Standard","4.8 x 0.98 x 6.18 in","2.46 oz","https://www.amazon.com/dp/B0BZPQ46C7"
"","","B0BRC3VYB7","9 in 3 Set Retractable Lanyard for ID Badges, Teacher Lanyard with Badge Holders Beaded Cute Lanyards for ID Badges and Keys Teacher Appreciation Gifts Office Gift for Coworkers","BESARME","$14.99","666","18","$9,983","12/26/2022","$3.80","4.6","554","$11.19","13,949","6","FBA","1","Office Products","Oversize","0.65 x 0.65 x 22 in","5.3 oz","https://www.amazon.com/dp/B0BRC3VYB7"
"","","B09WR335JZ","YOUOWO 5 Pack Lanyards with id Badges Holder Waterproof Resealable Zip holder Neck Lanyard for Keys cruise New pattern black metal hook cute lanyar","YOUOWO","$8.99","70","2","$629.30","03/28/2022","$4.10","3.8","24","$4.89","77,922","6","FBA","1","Office Products","Standard","6.1 x 0.91 x 8.98 in","3.84 oz","https://www.amazon.com/dp/B09WR335JZ"
"","","B0CBBJ1PGJ","Cholemy 120 Pcs Cruise Lanyard with ID Card Holder Colorful Cruise Lanyard with Badge Holders Student Id Durable Lanyard for Adults Kids Business School Office","Cholemy","$28.99","30","1","$869.70","07/06/2023","$16.26","","","$12.73","111,133","7","FBA","1","Office Products","Standard","10.1 x 2.6 x 11.5 in","3.04 lb","https://www.amazon.com/dp/B0CBBJ1PGJ"
"","","B07Y5YCJ4B","25Pcs Clear Plastic Horizontal Name Tags Badge ID Card Holders and 25Pcs Flat Neck Lanyards, Blue","Orcielo","$13.99","115","4","$1,609","09/19/2019","$8.12","4.7","771","$5.87","49,271","6","FBA","1","Office Products","Standard","5.24 x 2.87 x 6.06 in","11.8 oz","https://www.amazon.com/dp/B07Y5YCJ4B"
"","","B0BZHXLHV5","50 Pack Cruise Lanyard with ID Holder Sets Lanyard with Retractable Reel Clear Name Tag Holders with Lanyards Retractable Lanyard with Vertical ID Badge Holders for Business Conference (Navy Blue)","Woanger","$35.99","","","$339.90","03/23/2023","$25.10","5","3","$10.89","199,749","6","FBA","1","Office Products","Standard","8.82 x 4.06 x 10.16 in","2.83 lb","https://www.amazon.com/dp/B0BZHXLHV5"
"","","B09969S68R","ELV Heavy Duty Retractable ID Badge Holder Key Reel with Adjustable Neck Lanyard, Zinc Alloy Carabiner, Key Ring, ID Badge Strap, 2 Pen Holders and Lobster Clip, 32 Dyneema Cord, Hold Up to 15 Keys","ELV","$11.99","380","12","$4,556","07/11/2021","$7.27","4.5","849","$4.72","19,868","7","FBA","1","Office Products","Standard","5.55 x 0.75 x 5.59 in","5 oz","https://www.amazon.com/dp/B09969S68R"
"","","B07TSR385W","SAM & LORI Badge Lanyards for Women Teacher Keys Retractable Lanyard for Id Badges Retractable Reel Cute Employee Teacher Appreciation Gifts Beaded Lanyard Silver Necklace Pretty Nurse Graduation","SAM & LORI","$15.97","1,118","36","$17,854","05/07/2019","$10.03","4.4","5,146","$5.94","6,845","7","FBA","1","Office Products","Standard","3.07 x 0.87 x 4.45 in","0.9 oz","https://www.amazon.com/dp/B07TSR385W"
"","","B0C9TDMMX4","Gctriki ID Badge Holder with Lanyard, Sunrise Mountain Lanyard for KeysMountain Sunset Retractable Badge Reel Clip, Teacher Lanyards for ID Badges Holder, Nurse Teacher Workers Women Office Gifts","Gctriki","$9.99","2,011","65","$20,090","06/29/2023","$5.57","4.6","1,313","$4.42","3,608","7","FBA","1","Office Products","Standard","2.6 x 0.13 x 4.1 in","2.5 oz","https://www.amazon.com/dp/B0C9TDMMX4"
"","","B0CFG3TWWQ","bolimoss ID Badge Holder with Lanyard Wallet, PU Leather ID Badge Card Holder with 1 Clear ID Window, 4 Credit Card Slots, 1 Cash Coin Slot and Neck Lanyard,Phone Holder, Ring Key Chain (Green)","bolimoss","$9.99","239","9","$2,388","08/10/2023","$4.95","4.3","36","$5.04","26,845","6","FBA","1","Office Products","Standard","3.15 x 0.83 x 4.88 in","1.76 oz","https://www.amazon.com/dp/B0CFG3TWWQ"
"","","B0B6BJWFJP","Cute Dinosaur Lanyards for Id Badges, Retractable ID Badge Holder with Detachable Lanyard, Fashionable Badge Reel Heavy Duty with 360 Degrees Rotate Carabiner Clip, Nurse Teacher Office Gifts","GIANCOMICS","$9.99","1,543","53","$15,415","07/11/2022","$5.57","4.6","1,232","$4.42","4,506","7","FBA","1","Office Products","Standard","2.6 x 0.12 x 4.1 in","2.89 oz","https://www.amazon.com/dp/B0B6BJWFJP"
"","","B0CKHVRX59","Piefly Lanyards for Id Badges, Cute Badge Holder with Retractable Reel Clip, Mushroom Work Name Tag Breakaway Lanyard Vertical ID Card Protector Case for Women Nurse Nursing Doctor Teacher Student","Piefly","$8.95","2,141","63","$19,162","10/04/2023","$4.69","4.5","56","$4.26","3,736","7","FBA","1","Office Products","Standard","3 x 0.12 x 4.5 in","2.5 oz","https://www.amazon.com/dp/B0CKHVRX59"
"","","B09GK2TSVB","MNGARISTA 2-Pack Retractable Keychain, Heavy Duty Carabiner Badge Holder, Tactical ID Badge Reel with 31.5 Steel Retractable Cord, 8.0 oz","MNGARISTA","$15.97","9,405","309","$150,198","09/16/2021","$10.65","4.6","15,685","$5.32","455","6","FBA","5","Office Products","Standard","3.58 x 0.75 x 4.84 in","3.17 oz","https://www.amazon.com/dp/B09GK2TSVB"
"","","B08HH15257","POCKT Lanyard for Keys Neck Lanyard Key Chain for Men and Women Cool Lanyards","POCKT","$10.95","1,500","52","$16,425","07/09/2021","$5.77","4.8","5,257","$5.18","4,618","6","FBA","1","Office Products","Standard","2.68 x 12.09 x 1.06 in","0.11 lb","https://www.amazon.com/dp/B08HH15257"
"","","B0C2YR985Z","LENYNAL Beaded Lanyards for ID Badges and Keys, Cute Teacher Lanyard Retractable Natural Stone Lanyards for Women","LENYNAL","$16.99","794","20","$13,490","04/18/2023","$11.52","3.4","18","$5.47","12,579","6","FBA","1","Office Products","Standard","4.49 x 0.75 x 4.57 in","3.84 oz","https://www.amazon.com/dp/B0C2YR985Z"
"","","B0CCNY8GCF","SAM & LORI Lanyards for Id Badges Women Cute Teacher Lanyard With Id Holder Lanyards for Cruise Ship Cards Keychain Lanyard Beaded Keychain Lanyard Personalized Lanyard String","SAM & LORI","$15.97","877","32","$14,006","07/23/2023","$10.03","4.5","123","$5.94","7,660","7","FBA","1","Office Products","Standard","2.91 x 1.06 x 3.9 in","1.13 oz","https://www.amazon.com/dp/B0CCNY8GCF"
"","","B0C3Z59JT3","MONDO DESIGNS 2-in-1 ID Badge Holder & Lanyard Wallet - Multi-Use Womens Small Wallet with Removable Wristlet & Neck Lanyard, Clear Window, 5 Card Slots, Phone Holder, Ring Keychain - Green","MONDO DESIGNS","$13.99","2,572","82","$35,982","06/30/2023","$8.97","4.4","241","$5.02","2,773","7","FBA","1","Office Products","Standard","3 x 0.01 x 4.5 in","2.89 oz","https://www.amazon.com/dp/B0C3Z59JT3"
"","","B09ZDYS7QW","ABAMERICA Teacher Lanyards for Id Badges and Keys, Cute Beaded Lanyards for Women with Keychain and Leather Holder of 7 Card Slots, Comfortable, Detachable, Unique Designs from USA","ABAMERICA","$9.99","450","15","$4,496","05/02/2022","$5.57","4.4","967","$4.42","16,501","7","FBA","1","Office Products","Standard","2.87 x 0.01 x 4.41 in","1.76 oz","https://www.amazon.com/dp/B09ZDYS7QW"
"","","B0C99SPG85","AllStyle By Patel Lanyard with ID Holder - Stylish Neck Strap for Keys, Phones, Bags and Mores, Perfect for Women Men Kids (Green Lanyard + Green ID Holder)","AllStyle By Patel","$14.98","1,835","34","$27,488","06/24/2023","$9.81","4.7","18","$5.17","7,194","7","FBA","1","Office Products","Standard","0.02 x 0.1 x 0.05 in","0.001 oz","https://www.amazon.com/dp/B0C99SPG85"
"","","B0CRKM99Q8","Teacher Lanyard for ID Badges Holder, Cute Silicone Beaded Lanyard for Keys, Breakaway Lanyard for ID Card Wallet and Phone, Tassel Lanyard for School Gift","Lanyardio","$7.99","138","6","$1,103","01/04/2024","$3.87","","","$4.12","36,555","7","FBA","1","Office Products","Standard","2.7 x 0.5 x 5.7 in","0.7 oz","https://www.amazon.com/dp/B0CRKM99Q8"
"","","B08BS4KT2X","Lilly Pulitzer Cute Lanyard for ID Badges and Keys, Womens Lanyard Keychain, Colorful Lanyard with Metal Hook","Lilly Pulitzer","$14.95","229","9","$3,424","06/23/2020","$9.79","4.8","792","$5.16","26,054","7","FBA","1","Office Products","Standard","1.75 x 0.5 x 5.75 in","0.05 lb","https://www.amazon.com/dp/B08BS4KT2X"
"","","B08HQQ7QDT","USANGERS Lanyards for ID Badges Keys Women Cute Teacher Lanyard ID Holder Necklace Silver Chain Fashion Strong Keychain Diffuser Office School Work Jewelry Nurse Teacher Appreciation Gifts Mandala","USANGERS","$13.95","749","20","$10,449","08/12/2020","$8.94","4.4","2,276","$5.01","12,049","7","FBA","1","Office Products","Standard","2.7 x 0.01 x 4.5 in","3.2 oz","https://www.amazon.com/dp/B08HQQ7QDT"
"","","B08L4V46LS","C&L Accessories Lanyard for ID Badges Holder, Beaded Cute Lanyard for Keys Neck Lanyards for Glasses Chain Strap for Women (Indian Agate)","C&L Accessories","$14.99","1,049","34","$15,725","10/12/2020","$9.82","4.5","470","$5.17","7,195","7","FBA","1","Office Products","Standard","3.66 x 0.67 x 6.81 in","2.08 oz","https://www.amazon.com/dp/B08L4V46LS"
"","","B0CC9J834S","Mcapirivo Rainbow Teacher Lanyards for Id Badges and Keys, ID Badge Holder with Breakaway Lanyard, Silicone Beaded Lanyard for Women Teacher Nurse, ID Name Tag Card Badge Holder, Lanyard Keychain","Mcapirivo","$9.99","623","29","$6,224","07/18/2023","$5.57","4.5","491","$4.42","8,453","7","FBA","1","Office Products","Standard","3 x 0.5 x 4.5 in","2.08 oz","https://www.amazon.com/dp/B0CC9J834S"
"","","B0C2HRRS6X","Plifal Teacher Lanyard for ID Badge Card, Cute Be Kind Rainbow Women Beaded Breakaway Neck Lanyards Name Tag Badges Holder Aesthetic Work Keys Accessories Gift","Plifal","$9.99","337","12","$3,367","04/13/2023","$4.95","4.3","151","$5.04","20,317","6","FBA","1","Office Products","Standard","2.95 x 1.06 x 4.65 in","1.76 oz","https://www.amazon.com/dp/B0C2HRRS6X"
"","","B0BKZPXHYR","LIUGX Retractable Badge Holders, Heavy Duty Retractable Keychain, Carbon Fiber-Texture, Durable ID Card Holder (Holds 4 Cards), with 31.5 Retractable Badge Reel Key Chain, 10,000+ Rebound","LIUGX","$13.90","742","27","$10,314","10/30/2022","$8.28","4.5","1,094","$5.63","9,184","6","FBA","1","Office Products","Standard","5.2 x 1.7 x 7 in","3.84 oz","https://www.amazon.com/dp/B0BKZPXHYR"
"","","B0BZW13CBW","Onkuey Badge Holder Lanyard Cruise Lanyard,Retractable lanyards for id Badges for Keys, Keychain, Wallet, ID Card Holder, with Quick Release Buckle","Onkuey","$5.99","48","1","$287.52","03/30/2023","$2.17","4.3","320","$3.82","156,334","7","FBA","1","Office Products","Standard","4.1 x 0.35 x 5.9 in","1.13 oz","https://www.amazon.com/dp/B0BZW13CBW"
"","","B09Q88KXNS","Retractable ID Badge Holder, Multipurpose Bling Rhinestone Badge Reel with Belt Clip Key Ring, Shiny PU Leather Badge Holder with Lanyard and Pen Holder for Nurse,Teacher,Office Worker (Mermaid)","Azrra","$13.99","633","15","$8,856","04/21/2021","$8.97","4.5","2,689","$5.02","16,301","7","FBA","1","Office Products","Standard","3.03 x 0.01 x 4.72 in","3.2 oz","https://www.amazon.com/dp/B09Q88KXNS"
"","","B09219JKV4","C&L Accessories Lanyards for ID Badges, Beaded Wooden Natural Stone Lanyard for Keys Eyeglass Holder Lanyard for Eyeglasses Chains for Women (Amazonite Stone)","C&L Accessories","$11.99","1,529","50","$18,333","04/07/2021","$7.27","4.3","1,058","$4.72","4,807","6","FBA","1","Office Products","Standard","3.74 x 0.75 x 6.89 in","2.08 oz","https://www.amazon.com/dp/B09219JKV4"
"","","B0CJYCPKXZ","2 Pack Badge Holder Retractable Clip, Heavy Duty Badge Reel Retractable Keychain Carabiner Badge Clip with Phone Lanyard ID Badge Holders with Steel Retractable Cord","ZENUTA","$7.99","601","14","$4,802","09/26/2023","$3.87","4.4","18","$4.12","17,528","7","FBA","1","Office Products","Standard","1 x 0.1 x 2 in","2.89 oz","https://www.amazon.com/dp/B0CJYCPKXZ"
"","","B0BJK8T4T1","USANGERS Lanyards for ID Badges Keys Women Cute Teacher Lanyard with ID Holder Silicone Wooden Beaded Lanyard Necklace School Work Jewelry Female Nurse Accessories Teacher Appreciation Gifts Women","USANGERS","$15.99","403","11","$6,444","10/17/2022","$10.05","4.5","217","$5.94","21,025","7","FBA","1","Office Products","Standard","3.07 x 1.14 x 4.57 in","1.76 oz","https://www.amazon.com/dp/B0BJK8T4T1"
"","","B0BY2VZ1CZ","Autism Lanyards for ID Badges and Keys, ID Badge Holder with Silicone Beaded Lanyard, Lanyard Keychain for Women, Teacher, Nurse, Office Name Tag Badge Holder ID Card Holder, Breakaway Badge Lanyard","Mcapirivo","$9.99","587","23","$5,864","03/09/2023","$5.57","4.4","211","$4.42","10,991","7","FBA","1","Office Products","Standard","3 x 0.5 x 4.5 in","1.76 oz","https://www.amazon.com/dp/B0BY2VZ1CZ"
"","","B0CS6Y2T2W","Cute Lanyard id Holder Durable Retractable lanyards for id Badges,Waterproof ID Badge Holder for Cruise Ships Key Cards","COOKOOKY","$8.99","3,972","124","$35,708","01/11/2024","$4.72","4.6","859","$4.27","1,652","","FBA","1","Office Products","Standard","3.54 x 0.55 x 9.06 in","2.82 oz","https://www.amazon.com/dp/B0CS6Y2T2W"
"","","B0C6PP4VC6","WAVEYU Lanyard for ID Badges and Keys, Plastic ID Badge Holder with Detachable Lanyard, Cute Retractable Badge Reel for Name Card for Office Worker Students Nurse, Mandala Pattern","WAVEYU","$7.99","20","1","$159.80","05/30/2023","$3.87","5","6","$4.12","167,121","6","FBA","1","Office Products","Standard","2.75 x 0.01 x 4.33 in","1.44 oz","https://www.amazon.com/dp/B0C6PP4VC6"
"","","B0B2D7S5RF","Leather Badge Holder and Adjustable Retractable Lanyards, Quick Release Buckle and Safety Breakaway Lanyards with Swivel Metal Clasp for Offices, Staff, Students, Employees","UpUGo","$6.99","7,448","203","$52,062","05/25/2022","$3.02","4.5","3,332","$3.97","850","6","FBA","1","Office Products","Standard","2.76 x 0.01 x 4.3 in","2.39 oz","https://www.amazon.com/dp/B0B2D7S5RF"
"","","B0CB86M3MW","Badge Holder Retractable Clip Heavy Duty Carabiner Badge Reel Keychain with Id Card Vertical Retractable Lanyard Holder Cool Tactical ID Holder","COOKOOKY","$12.99","1,876","60","$24,369","07/05/2023","$7.27","4.6","139","$5.72","3,917","7","FBA","1","Office Products","Standard","4.25 x 1.81 x 6.06 in","6.4 oz","https://www.amazon.com/dp/B0CB86M3MW"
"","","B0BL2M5RW5","2PCS Beaded Teacher Lanyards with 2 ID Badges Holder Cute Beaded Lanyards Necklace for ID Badges and Keys Bohe Bead Lanyard for Teacher Women,Nurses,Office","TAOARA","$13.49","150","5","$2,024","10/31/2022","","4.5","28","","46,302","7","FBA","1","Office Products","","","","https://www.amazon.com/dp/B0BL2M5RW5"
"","","B09SZLQ462","XCHIN Lanyards for Keys, Black Keychain Long Lanyard for Women Men, Cute Neck Lanyard for ID Badges Wallet","XCHIN","$5.99","3,918","143","$23,469","02/20/2022","$2.17","4.6","1,284","$3.82","1,384","6","FBA","1","Office Products","Standard","3.31 x 0.71 x 6.06 in","1.13 oz","https://www.amazon.com/dp/B09SZLQ462"
"","","B0CNNLMY9B","Pearl Necklace Lanyards for ID Badges and Keys for Women Huge Big White Beaded Teacher Lanyards Holder Cute","BUFFNY","$11.99","120","3","$1,439","11/18/2023","$6.65","5","1","$5.34","69,105","7","FBA","1","Office Products","Standard","4.06 x 1.02 x 6.97 in","2.39 oz","https://www.amazon.com/dp/B0CNNLMY9B"
"","","B0CJ8RBLJW","Evil Eye Lanyards for ID Badges,Badge Reel Retractable Heavy Duty with 360 Swivel Carabiner Clip, ID Badge Holder with Breakaway Lanyard, ID Card Holder Keychain Name Badge Clip, Nurse Teacher Gifts","VOCHIC","$9.49","293","9","$2,781","09/17/2023","$4.45","4.5","68","$5.04","24,788","7","FBA","1","Office Products","Standard","5.31 x 0.79 x 6.34 in","2.08 oz","https://www.amazon.com/dp/B0CJ8RBLJW"
"","","B0CNPCZ8P3","Lingdeer Personalized ID Badge Holder with Lanyard, Initial Retractable Badge Reel with Carabiner Clip, Personalized Gifts for Women Girls Teacher Doctor Nurse Student, Lanyard with ID Badges Keys (A)","Lingdeer","$7.99","84","3","$671.16","11/19/2023","$3.25","5","2","$4.74","62,815","6","FBA","1","Office Products","Standard","5.28 x 0.91 x 6.38 in","2.39 oz","https://www.amazon.com/dp/B0CNPCZ8P3"
"","","B0C1NGD4K5","Azrra ID Badge Holder with Lanyards, ID Badge Card Holder with 1 Clear ID Window, 4 Credit Card Slots Includes a Detachable Neck Lanyard and Wrist Lanyard with 2 Key Rings","Azrra","$11.99","180","6","$2,158","04/05/2023","","4.7","57","","37,526","7","FBA","1","Office Products","","","","https://www.amazon.com/dp/B0C1NGD4K5"