"Export time:  1/28/2024, 5:45:17 PM","","ASIN","Product Name","Brand","Price","Monthly Units Sold","Daily Units Sold","Monthly Revenue","Date First Available","Net Revenue","Star Rating","Reviews","Amazon Fees","BSR","LQS","Seller Type","Sellers","Category","Product Tier","Dimensions","Weight","Link"
"","","B06X6B39G3","Amazon Basics 6 3/4 Security Tinted Envelopes with Peel & Seal, 100-Pack, White","Amazon Basics","$7.39","14,455","499","$106,822","07/30/2017","$3.36","4.7","15,903","$4.03","205","6","AMZ","5","Office Products","Standard","3.63 x 0.1 x 6.5 in","0.12 oz","https://www.amazon.com/dp/B06X6B39G3"
"100 envelope","","B0791LT1RS","Kraft Mini Envelopes Brown Kraft Envelopes for Gift Cards and Business Cards (4'x2.75' 100 Pack)","Purple Q Crafts","$9.99","1,467","54","$14,655","02/20/2018","$5.42","4.8","3,752","$4.57","4,479","6","FBA","1","Office Products","Standard","2.36 x 0.5 x 4.72 in","6.7 oz","https://www.amazon.com/dp/B0791LT1RS"
"Average Monthly Sales: 2,927","","B09WKR1P8Q","Wanderings Handmade White Deckle Edge Envelope - 6x9' Package of 25 - for Announcements, Wedding Invitations, Greeting Cards, Crafts - Thick 130 GSM","WANDERINGS","$21.99","113","3","$2,485","12/09/2020","$15.10","3.9","126","$6.89","59,858","5","FBA","1","Office Products","Standard","6 x 0.01 x 9 in","13.6 oz","https://www.amazon.com/dp/B09WKR1P8Q"
"Average Revenue: $44,885","","B07FMDV5LR","Quality Park 6 3/4 Self-Seal Security Envelopes, Security Tint and Pattern, Redi-Strip Closure, 24-lb White Wove, 3-5/8 x 6-1/2, 100/Box (QUA10417) (Pack of 1)","Quality Park","$5.29","4,973","192","$26,307","07/12/2018","$-0.02","4.7","7,457","$5.31","922","7","AMZ","1","Office Products","Standard","3.75 x 2.44 x 6.63 in","12.3 oz","https://www.amazon.com/dp/B07FMDV5LR"
"Average Price: $14.33","","B0CCP574N6","MQQ 100 Envelope Challenge Binder, 2023 New Savings Challenges Binder, Savings Book with Cash Envelopes, Budget Binder Planner Book for Budgeting Planner & Saving Money, Purple","MQQ","$17.99","1,334","13","$23,999","07/23/2023","$10.77","3.7","326","$7.22","18,007","6","FBA","1","Office Products","Standard","7.4 x 1.81 x 9.45 in","13.4 oz","https://www.amazon.com/dp/B0CCP574N6"
"Average No. of Ratings: 1,781","","B0CHF61NVY","100 Envelopes Money Saving Challenge Budget Binder, Budget Planner Book Easy and Fun Way to Save $5,050(Pink)","Cutaswish","$9.99","1,460","41","$14,585","09/05/2023","$3.35","4.6","927","$6.64","5,990","7","FBA","1","Office Products","Standard","7.87 x 1.5 x 9.45 in","1.03 lb","https://www.amazon.com/dp/B0CHF61NVY"
"Average Sales Rank: 25,769","","B0CM2CB18R","100 Envelope Challenge Binder | Easy and Fun Way to Save $5,050 - Savings Challenges Binder, Budget Binder with Cash Envelopes for Budgeting Planner & Saving Money (Color : Purple)","TAYASH","$9.99","3,343","107","$33,397","10/28/2023","$5.66","4.3","44","$4.33","1,992","7","FBA","4","Office Products","Standard","1 x 0.1 x 2 in","1.76 oz","https://www.amazon.com/dp/B0CM2CB18R"
"Average Rating Number: 4.5","","B074M9FN2P","9 X 12 Self-Seal Brown Kraft Catalog Mailing Envelopes - 28lb - 100 Count, 9x12 Inch (38300)","Aimoh","$20.98","6,363","174","$133,496","09/26/2017","$11.40","4.7","3,139","$9.58","1,055","6","FBA","8","Office Products","Standard","9.49 x 2.6 x 12.91 in","3.84 lb","https://www.amazon.com/dp/B074M9FN2P"
"","","B0753K4CNG","NextDayLabels - W-2 Double Window Security Envelopes, Pack of 100 Envelopes","NextDayLabels","$28.02","1,823","82","$51,080","01/03/2017","$18.68","4.7","228","$9.34","2,741","4","FBA","2","Office Products","Standard","6.7 x 0.1 x 9 in","1.61 lb","https://www.amazon.com/dp/B0753K4CNG"
"","","B016V06OYS","10 Security Self-Seal Envelopes, Windowless Design, Premium Security Tint Pattern, Ultra Strong Quick-Seal Closure - EnveGuard - Size 4-1/8 x 9-1/2 Inches - White - 24 LB - 500 Count (34010)","Aimoh","$27.99","13,169","369","$368,600","10/18/2015","$16.55","4.8","8,618","$11.44","342","6","FBA","7","Office Products","Standard","10 x 4.25 x 11.5 in","6.85 lb","https://www.amazon.com/dp/B016V06OYS"
"","","B078S5ZL5D","10 Envelopes Letter Size Self Seal, Business White Security Tinted Peel and Seal, 500 Pack Windowless, Legal Size Regular Plain Envelopes 4-1/8 x 9-1/2 Inches - 24 LB Envelops","Splendoress","$26.95","12,775","402","$344,286","01/02/2018","$15.58","4.6","7,067","$11.37","297","6","FBA","1","Office Products","Standard","10 x 4.25 x 11.5 in","6.06 lb","https://www.amazon.com/dp/B078S5ZL5D"
"","","B01D0OANU4","10 Security Tinted Self-Seal Envelopes - No Window - EnveGuard, Size 4-1/8 X 9-1/2 Inches - White - 24 LB - 100 Count (34100)","Aimoh","$9.99","36,135","1,127","$360,989","04/05/2016","$3.35","4.8","34,160","$6.64","43","6","FBA","3","Office Products","Standard","4.3 x 2.2 x 9.7 in","1.37 lb","https://www.amazon.com/dp/B01D0OANU4"
"","","B0BYNCCH1Z","ACSTEP 100 PACK Brown Cash Envelopes 3 1/2 x 6 1/2 for Budgeting, Small Kraft Money Envelopes Self Adhesive for Cash, Coins, Check, Seeds, Money Savings Challenges","ACSTEP","$6.85","2,495","58","$17,091","07/31/2023","$1.30","4.7","1,621","$5.55","4,139","7","FBA","1","Office Products","Standard","3.66 x 2.24 x 7.44 in","12.6 oz","https://www.amazon.com/dp/B0BYNCCH1Z"
"","","B0BM1Q4ZJ7","Mr. Pen- Money Envelopes for Cash, 100 Pack, 6.5' x 3.5', Cash Envelopes, 100 Envelopes Money Saving Challenge, Money Saving Envelopes, Small Envelopes for Money, Money Envelopes for Cash Budgeting","Mr. Pen","$6.85","1,628","61","$11,152","11/09/2022","$2.75","4.6","695","$4.10","3,894","7","FBA","2","Office Products","Standard","3.5 x 0.01 x 6.5 in","10.8 oz","https://www.amazon.com/dp/B0BM1Q4ZJ7"
"","","B0CJ8NNJ6L","GEDunique 100 Envelopes Money Saving Challenge, 2023 New 100 Envelope Challenge Binder, Easy and Funny Way to Save $5,050 Budget Planner, 100 Day Envelope Challenge Kit Money Saving Binder Pink","GEDunique","$13.99","889","13","$12,437","09/17/2023","$8.30","4.6","48","$5.69","18,944","7","FBA","7","Office Products","Standard","6.88 x 0.1 x 9.25 in","14.4 oz","https://www.amazon.com/dp/B0CJ8NNJ6L"
"","","B07X11WYWN","Amazon Basics 10 x 13-Inch Clasp Kraft Envelopes, Gummed, 100-Pack","Amazon Basics","$35.93","12,289","399","$441,544","10/06/2019","$27.00","4.8","4,566","$8.93","300","5","AMZ","6","Office Products","Standard","10 x 3.75 x 13 in","1.66 oz","https://www.amazon.com/dp/B07X11WYWN"
"","","B09ZYGTRRF","PONATIA 50 PCS/Pack A7 Envelopes, 5.35 x 7.5'' Sage Green Envelopes, Perfect For 5 x 7'' Wedding Invitation Cards, Graduation Invite, Acrylic Invitations, Photos","ponatia","$16.99","1,689","71","$28,696","09/18/2018","$10.67","4.7","1,358","$6.32","3,251","6","FBA","1","Office Products","Standard","6.14 x 1.42 x 10.16 in","11.3 oz","https://www.amazon.com/dp/B09ZYGTRRF"
"","","B09WJFSNQV","Wanderings Handmade Antiqued Envelope with Deckle Edge - 6 x 9 inch - Package of 25 for Writers, Invitations, Announcements - Thick 130 GSM Recycled Paper","WANDERINGS","$25.99","247","11","$6,420","05/21/2020","$19.17","4.7","105","$6.82","21,722","6","FBA","1","Office Products","Standard","6.25 x 0.1 x 9.25 in","0.634 oz","https://www.amazon.com/dp/B09WJFSNQV"
"","","B0CG89SRXS","Vodolo 100 Envelopes Money Savings Challenge Book, Budgeting Binder and Cash Saving Kit with Pouches, Family Emergency Binder (Pink)","Vodolo","$12.98","1,297","28","$16,835","08/21/2023","$8.11","4.3","258","$4.87","8,780","8","FBA","1","Office Products","Standard","1 x 0.1 x 1 in","1.6 oz","https://www.amazon.com/dp/B0CG89SRXS"
"","","B0CFTYZJR9","100 Envelope Challenge Binder, Saving Challenge Box kit Cash Saving Challenge Kit, Savings Challenges Book with Cash Envelopes, Budget Planner Book for Budgeting, Savings Challenges Sheets (Pink)","EPMANN","$7.99","1,330","26","$10,627","09/04/2023","","4.3","91","","9,470","7","FBA","1","Office Products","","","","https://www.amazon.com/dp/B0CFTYZJR9"
"","","B0BYNCZ5C1","ACSTEP 100 PACK Colorful Cash Envelopes For budgeting, Money Savings Challenges, Small colored Money Envelope Self Adhesive For Cash, Coin, Check, Jewelry3 1/2 x 6 1/2","ACSTEP","$9.99","294","8","$2,937","07/24/2023","$4.90","4.6","156","$5.09","29,027","7","FBA","1","Office Products","Standard","3.5 x 0.1 x 6.5 in","13.7 oz","https://www.amazon.com/dp/B0BYNCZ5C1"
"","","B0CJB5VW9B","Zuozee 100 Envelopes Money Saving Challenge Binder, A5 Savings Binder with Cash Envelopes, Budget Binder for Planning and Saving $5050, Green","Zuozee","$12.99","7,810","177","$101,452","09/18/2023","$6.52","4.6","309","$6.47","1,035","7","FBA","1","Office Products","Standard","7.28 x 1.42 x 9.8 in","14 oz","https://www.amazon.com/dp/B0CJB5VW9B"
"","","B0BVTVSX7L","500 Counts 6 x 9 Inch Self Adhesive Security Catalog Envelopes Catalog Mailing Envelopes with Adhesive Closure 24lb Envelopes for Mailing Storage Organizing Home Office (White)","Fuutreo","$40.99","193","5","$7,911","02/14/2023","$27.21","3.9","15","$13.78","43,996","6","FBA","1","Office Products","Standard","8.5 x 6.34 x 10.2 in","7.43 lb","https://www.amazon.com/dp/B0BVTVSX7L"
"","","B0BX6KY3W2","PONATIA 50 Pack A4 Envelopes, 4 1/4 x 6 1/8 Inches Sage Green Envelopes Perfect for Christmas Gift Cards Envelopes, Wedding Details Cards, Thank You Cards and any 4x6' Inner Sheets","ponatia","$15.99","740","24","$11,833","02/28/2023","$9.82","4.8","113","$6.17","10,143","6","FBA","2","Office Products","Standard","6.54 x 0.94 x 8.9 in","8.4 oz","https://www.amazon.com/dp/B0BX6KY3W2"
"","","B0CPF76YWN","Chivertion 100 Pcs 3 Sizes Catalog Mailing Envelopes, Peel and Seal, Anti Tear Kraft Paper Printable Catalog Envelope for Filing, Storing or Mailing Documents Yellow, 6 x 9 In, 9 x 12 In, 10 x 13 in","Chivertion","$26.99","30","1","$809.70","12/03/2023","$16.51","","","$10.48","156,221","7","FBA","1","Office Products","Standard","9 x 0.1 x 12 in","3.01 lb","https://www.amazon.com/dp/B0CPF76YWN"
"","","B0CFPYJFLJ","100 Pack 10 Business Envelopes with Gold Border, Self Seal Standard Envelopes with Gold Stickers for Office, Checks, Letter Mailing, Invoices, 4 1/8 x 9 1/2 Inches (Navy Blue)","Topeen","$21.99","720","24","$15,833","07/17/2023","$13.55","4.6","15","$8.44","10,475","7","FBA","1","Office Products","Standard","8.82 x 1.54 x 9.69 in","1.4 lb","https://www.amazon.com/dp/B0CFPYJFLJ"
"","","B0CH8XQXZJ","100 Envelopes Money Saving Challenge Binder, Save 5050 Dollars 100 Day Envelope Challenge Binder with 100 Cash Envelopes, Tracker, and Stickers (Multicolor)","LMTNNB","$11.99","1,419","25","$17,014","09/03/2023","$5.52","4.5","71","$6.47","9,972","7","FBA","2","Office Products","Standard","7.17 x 1.38 x 9.13 in","15.8 oz","https://www.amazon.com/dp/B0CH8XQXZJ"
"","","B0CJ26RH9B","100 Envelopes Money Saving Challenge Book - Fun Budget Binder for Saving $5,050, Savings Challenges Budget Book Binder, Budget Planner Book (Violet)","Nooydio","$16.87","5,796","191","$97,779","08/05/2023","$9.82","4.2","253","$7.05","930","7","FBA","1","Office Products","Standard","8.5 x 1 x 6.5 in","14 oz","https://www.amazon.com/dp/B0CJ26RH9B"
"","","B09GNM45Q1","100 Pack Colorful Cash Envelopes 6.7x3.5 Fit for 100 Envelope Money Saving Challenge, 120 GSM Thick Money Envelopes for Cash, Budgeting, Check, Coin, Tickets, Jewelry, small items & collectables","Keketer","$8.99","1,020","24","$9,170","09/18/2021","$4.05","4.7","1,263","$4.94","10,333","6","FBA","1","Office Products","Standard","3.5 x 0.01 x 6.7 in","12.8 oz","https://www.amazon.com/dp/B09GNM45Q1"
"","","B0CL7WL6MB","100 Envelopes Money Saving Challenge Binder with Laminated Tracker, Budget Binder with Cash Envelopes, Easy and Fun Way to Save $5,050 (Black)","Pemocyny","$11.99","8,557","174","$102,598","10/16/2023","$6.60","4.5","137","$5.39","1,054","7","FBA","3","Office Products","Standard","7.1 x 0.1 x 9 in","15.5 oz","https://www.amazon.com/dp/B0CL7WL6MB"
"","","B0CF8P6QZV","100 Envelopes Money Saving Challenge Kit, Save 5050 Dollars 100 Day Envelope Challenge Kit, with 100 envelopes, Organizer Box, Challenge Tracker, and Stickers","LMTNNB","$16.99","123","2","$2,090","08/09/2023","","3.1","28","","104,626","7","FBA","1","Office Products","","","","https://www.amazon.com/dp/B0CF8P6QZV"
"","","B0CKSZJFPG","Qimofinee 100 Envelopes Challenge Binder,A5 Savings Binder with Cash Envelopes,100 Envelopes Money Saving Challenge Binder Budget Book - Easy and Fun Way to Save $5,050","Qimofinee","$14.99","570","19","$8,544","10/09/2023","$8.85","4.9","10","$6.14","12,913","7","FBA","1","Office Products","Standard","7.15 x 0.1 x 9.12 in","12.5 oz","https://www.amazon.com/dp/B0CKSZJFPG"
"","","B0BBVGCY1X","SWESARA 100 Pack Small Coin Envelopes, 2.25 x 3.5 Colored Tiny Seed Envelopes Mini Parts Small Items Stamps Storage Packets Envelopes for Garden, Office or Wedding Gift","swesara","$6.99","900","30","$6,291","08/24/2022","$2.05","4.6","406","$4.94","8,146","6","FBA","1","Office Products","Standard","3.5 x 0.01 x 6.7 in","13.4 oz","https://www.amazon.com/dp/B0BBVGCY1X"
"","","B0CKFDD43H","Antner 100 Envelopes Challenge Binder Money Savings Challenges Book to Save $5,050 and $500 and $10,000, A5 Money Saving Planner Budget Binder with Cash Envelopes, Black","Antner","$11.99","7,394","173","$88,654","10/03/2023","$5.67","4.6","158","$6.32","1,068","6","FBA","2","Office Products","Standard","7.64 x 1.5 x 9.29 in","15 oz","https://www.amazon.com/dp/B0CKFDD43H"
"","","B0CG39L6R7","HIPPITO 7.9''x7.9'' Mini 100 Envelopes Money Saving Binder, Storage Saving Budget Book for 100 Envelopes Money Saving Challenge Kit, Gift as a Challenge Book for Lovers to Save $5,050","HIPPITO","$7.99","927","23","$7,407","08/18/2023","$3.87","4.5","89","$4.12","10,610","6","FBA","1","Office Products","Standard","7.9 x 0.1 x 7.9 in","5.6 oz","https://www.amazon.com/dp/B0CG39L6R7"
"","","B0CNRYR6YG","100 Envelopes Money Saving Challenge Binder, 3 Challenge Budget Binder with Cash Envelopes, A5 PU Leather Savings Challenges Book to Save $500, 5,050,$10,000 Budget Planner for Budgeting Planner Book","ARTGGLLR","$15.99","40","2","$639.60","12/24/2023","$10.00","","","$5.99","79,818","7","FBA","1","Office Products","Standard","7 x 0.1 x 9 in","13.8 oz","https://www.amazon.com/dp/B0CNRYR6YG"
"","","B0CKF7CXH9","LingLingo 100 Envelopes Money Saving Challenge Binder, Easy and Fun Way to Save $5,050, A5 Budget Book with Cash Envelopes Kit,Pink","LingLingo","$14.99","2,272","41","$34,057","10/03/2023","$9.67","4.4","59","$5.32","5,915","7","FBA","1","Office Products","Standard","8.7 x 0.1 x 9.5 in","11.6 oz","https://www.amazon.com/dp/B0CKF7CXH9"
"","","B08CZ69VFL","100 Pack Colorful Money Envelopes for Cash, Payroll, Money Saving, Coins, Currency, 100GSM (4 x 7 In)","Okuna Outpost","$8.99","1,549","30","$13,926","07/14/2020","$4.05","4.7","942","$4.94","8,382","6","FBA","1","Office Products","Standard","4 x 0.01 x 7 in","13.3 oz","https://www.amazon.com/dp/B08CZ69VFL"
"","","B0C2CQ81L9","ACSTEP 100PACK Gift Card Envelopes Credit Card Size Mini Envelopes Colored Tiny Pocket Envelopes For Business Card, Small Note Cards 10 Assorted Colors 4X2.75 Inches","ACSTEP","$6.99","1,220","53","$8,528","04/12/2023","$2.17","4.8","98","$4.82","4,506","6","FBA","1","Office Products","Standard","2.83 x 2.2 x 4.17 in","6.7 oz","https://www.amazon.com/dp/B0C2CQ81L9"
"","","B0CMQ43634","Qiddo 100 Envelopes Challenge Binder: A5 Money Saving Budget Binder with Cash Envelopes- Money Saving Binder Savings Challenges Book to Save $5,050(Rose Red)","Qiddo","$9.98","3,162","194","$31,557","08/28/2023","$4.89","4.6","121","$5.09","907","7","FBA","1","Office Products","Standard","7.56 x 0.1 x 9.25 in","14.4 oz","https://www.amazon.com/dp/B0CMQ43634"
"","","B0CF5VS41R","Cash Envelopes 100 packs 3.5x6.5 inches, pink envelopes, coin envelopes, seed envelopes, colored envelopes Cash, suitable for budgets, checks, coins, jewelry, small items","xflyxin","$9.49","874","12","$8,294","07/31/2023","$5.00","4.6","67","$4.49","20,479","7","FBA","1","Office Products","Standard","3.5 x 0.1 x 6.7 in","9.6 oz","https://www.amazon.com/dp/B0CF5VS41R"
"","","B0CKHLY71V","100 Envelope Challenge Binder,100 Envelope Challenge Binder Savings Challenges Book $5,050 Budget Binder Savings Challenge Book Cash Envelope Wallet for Budgeting Planner","XIMUX","$16.99","466","11","$7,917","10/04/2023","$9.92","5","21","$7.07","21,538","7","FBA","1","Office Products","Standard","7.36 x 1.46 x 9.25 in","13.7 oz","https://www.amazon.com/dp/B0CKHLY71V"
"","","B0BGZKRTQV","Granhoolm 100 Pack Large Cash Envelopes 3.5 x 6.5 inch,Money Envelopes for Cash,Cash Envelopes For Savings plan,Cash Envelopes for Budgeting,100 envelopes money saving challenge(Black)","Granhoolm","$7.99","760","21","$6,072","09/30/2022","$3.20","4.7","248","$4.79","11,635","6","FBA","1","Office Products","Standard","3.5 x 0.01 x 6.7 in","13.1 oz","https://www.amazon.com/dp/B0BGZKRTQV"
"","","B0CLRMSHX7","100 Pack Coin Envelopes 3.23'4.53',Fully sealed seed envelope,Fully sealed seed envelopeKraft Small Coin Envelopes,Seed Envelopes, Mini Envelopes for Office, Home, School","MINGUANGXIXSW","$4.99","180","6","$898.20","12/30/2023","","4","1","","38,335","","FBA","1","Office Products","","","","https://www.amazon.com/dp/B0CLRMSHX7"
"","","B0CF4FCLHM","100 Envelope Challenge Binder, Easy and Fun Way to Save $5,050, Savings Challenges Budget Book Binder with Cash Envelopes,Budget Book for Budgeting Planner & Saving Mone(Orange)","MAITING","$14.99","33","","$494.67","08/08/2023","$8.22","3.9","34","$6.77","226,280","7","FBA","1","Office Products","Standard","7.91 x 1.42 x 9.25 in","13.7 oz","https://www.amazon.com/dp/B0CF4FCLHM"
"","","B0CHFZ9M91","100 envelopes Money Saving Challenge,Heavy Duty Leather Money Saving Challenge Binder Book,Easy and Fun Way for 100 Day Money Saving Challenge Budget Binder Budgeting Planner & Saving Money White","XZYLY","$12.99","671","45","$8,716","09/18/2023","$7.45","4.2","36","$5.54","5,445","6","FBA","1","Office Products","Standard","0.39 x 0.39 x 0.39 in","13.7 oz","https://www.amazon.com/dp/B0CHFZ9M91"
"","","B0CLTWY6Q8","100 Envelopes Money Saving Challenge, Money Saving Binder, 100 Day Envelope Challenge Kit, A5 Budget Book Savings Binder, and Savings Challenges Book with Envelopes to Save $5,050 (Pink)","CLWVPCOT","$16.99","111","1","$1,886","10/25/2023","","4","3","","135,244","7","FBA","1","Office Products","","","","https://www.amazon.com/dp/B0CLTWY6Q8"
"","","B08CZ1G1K3","100 Pack Black Money Envelopes for Cash - 100 GSM Kraft Paper - Money Saving Challenges Envelopes for Currency & Coins (3.5x6.5 in)","Okuna Outpost","$8.99","875","14","$7,866","07/14/2020","$4.05","4.7","836","$4.94","17,476","7","FBA","1","Office Products","Standard","3.5 x 0.01 x 6.5 in","12.6 oz","https://www.amazon.com/dp/B08CZ1G1K3"
"","","B0CNQRVCHJ","POUYRBA 100 Envelope Challenge Binder, Savings Challenge Book with Cash Envelope Easy and Fun Way for 100 Envelopes Money Saving Challenge Budget Binder for Budgeting Planner & Saving Money (Black)","POUYRBA","$11.99","2,130","71","$25,539","12/24/2023","","4.7","5","","3,248","","FBA","1","Office Products","","","","https://www.amazon.com/dp/B0CNQRVCHJ"
"","","B0CP4YD4RQ","100 Envelope Money Savings Challenge Binder,Expense Budget Sheet for Budgeting and Saving Money,Budget Binder with Cash Envelopes,Easy and Fun Way to Save $5,050 (Pink)","Yrarbil","$9.99","1,101","22","$10,999","12/20/2023","$5.42","3.5","6","$4.57","11,290","6","FBA","1","Office Products","Standard","7 x 0.1 x 9 in","9.6 oz","https://www.amazon.com/dp/B0CP4YD4RQ"
"","","B0CGCN7FTZ","AIERSA 100 Envelopes Money Saving Challenge Binder Kit, Fun Budget Binder Book Organizer with Cash Envelopes for 100 Day Cash Stuffing, Budgeting, Money Saving Box Replacement, 1 Set Purple","AIERSA","$11.99","2,603","32","$31,210","08/21/2023","$6.60","4.4","258","$5.39","7,791","7","FBA","1","Office Products","Standard","7 x 0.5 x 9 in","14 oz","https://www.amazon.com/dp/B0CGCN7FTZ"
"","","B0CKQW9ZBY","100 Envelopes Money Saving Challenge Savings Book with Cash Envelope, A5 Budget Binder Planning Booklet for Budget Planning and Saving Money Easily Save $5,050","BUADUEIR","$16.99","160","6","$2,718","10/08/2023","$9.92","4.8","10","$7.07","38,290","6","FBA","1","Office Products","Standard","7.52 x 1.57 x 9.09 in","15.8 oz","https://www.amazon.com/dp/B0CKQW9ZBY"
"","","B07V9KK1YW","100 Pack Small Coin Envelopes Self-Adhesive Kraft Paper Seed Envelopes Mini Parts Small Items Stamps Storage Packets Envelopes for Garden, Office or Wedding Gift(2.25'3.5') (100)","Homtable","$5.99","3,468","116","$20,773","07/14/2019","$2.17","4.6","6,676","$3.82","1,809","6","FBA","1","Office Products","Standard","2.25 x 0.1 x 3.5 in","0.704 oz","https://www.amazon.com/dp/B07V9KK1YW"
"","","B0CQL54ZRS","100 Envelope Challenge Binder, Easy and Fun Way to Save $5,050,100 Envelopes Money Saving Challenge,Savings Challenges Book with Envelopes 100 Days Envelope Challenge Binder (Dark Green)","Ionibloom","$13.59","738","19","$10,029","11/04/2023","$7.03","4.3","8","$6.56","13,078","7","FBA","1","Office Products","Standard","7.99 x 1.5 x 9.29 in","12.6 oz","https://www.amazon.com/dp/B0CQL54ZRS"
"","","B0CNJ9C39M","ARTKISSA 100 Envelopes Challenge Binder, Money Saving Budget Binder with Cash Envelopes - Savings Challenges Book to Save (Silver)","Artkissa","$15.99","319","8","$5,101","11/15/2023","$10.00","5","7","$5.99","27,819","6","FBA","1","Office Products","Standard","7 x 0.1 x 9.5 in","14.4 oz","https://www.amazon.com/dp/B0CNJ9C39M"
"","","B0CQ28ZKVD","BOAJUNWU 100 Envelope Challenge Binder, A5 Money Saving Binder with Cash Envelopes, Budget Binder for Planning and Saving $5050, Money Savings Challenges Binder, Savings Challenges Book","BOAJUNWU","$9.99","596","11","$5,954","12/11/2023","$5.42","4.5","8","$4.57","21,266","7","FBA","1","Office Products","Standard","7 x 0.1 x 9 in","8.4 oz","https://www.amazon.com/dp/B0CQ28ZKVD"
"","","B0CG6298M2","100 Envelopes Money Saving Challenge, 100 Envelope Challenge Binder, A Fun and Easy Method to Save $5,050, Budget Planner and Savings Tracker Book, Ideal for Organizing Your Finances (Light Green)","WSCGLCF","$13.90","176","1","$2,446","08/20/2023","$7.00","3.8","25","$6.90","136,361","7","FBA","1","Office Products","Standard","7.95 x 1.73 x 9.25 in","12.6 oz","https://www.amazon.com/dp/B0CG6298M2"
"","","B0CGR9GBXN","100 Envelopes Money Saving Challenge, 2023 New & Shiny 100 Envelope Challenge Binder, Easy and Funny Way to Save $5,050 Budget Planner, 100-Day Envelope Challenge Kit Money Saving Binder","Oborlo","$15.99","1,377","35","$22,018","08/27/2023","$9.82","4.4","267","$6.17","7,025","7","FBA","1","Office Products","Standard","7.68 x 1.1 x 9.46 in","9.8 oz","https://www.amazon.com/dp/B0CGR9GBXN"
"","","B0BXNZ796N","100 Pack Cash Envelopes 7 Coin Envelopes Self Seal for Money Saving, Cash, Budgeting, Check, Gifts Cards, 3 1/2 x 6 1/2 Inches (Colorful)","Topeen","$9.99","322","10","$3,217","03/06/2023","$3.97","4.8","49","$6.02","24,368","7","FBA","1","Office Products","Standard","4.65 x 2.05 x 7.8 in","13.1 oz","https://www.amazon.com/dp/B0BXNZ796N"
"","","B0CR5T7JT9","XLSXEXCL Envelopes Money Saving Challenge, Envelope Challenge Binder Saving Money Challenge Book 100 Day Challenge Money Saving Binder for Lovers to Save $5,050, 7''x6.5''","XLSXEXCL","$8.99","308","6","$2,769","12/28/2023","$4.72","3.8","4","$4.27","36,615","6","FBA","1","Office Products","Standard","6.69 x 0.71 x 7.48 in","5.3 oz","https://www.amazon.com/dp/B0CR5T7JT9"
"","","B0CQR3RNRB","MORVIGIVE 100 Day Challenge Money Saving Binder, PU Leather A5 Money Saving Budget Planner with Cash Envelopes, Budget Travel Books for Saving Money Challenge Binder to Save $5,050","MORVIGIVE","$20.59","135","3","$2,780","12/20/2023","$12.98","","","$7.61","61,410","7","FBA","1","Office Products","Standard","9.06 x 0.79 x 9.45 in","15.8 oz","https://www.amazon.com/dp/B0CQR3RNRB"
"","","B0CND9XCFN","money saving binder challengebudget binder100 savings challenge binder a simple and fun way to save $5050. Money-saving binder for budgeting","WAKHZCM","$9.98","66","4","$658.68","11/14/2023","$3.84","","","$6.14","54,353","7","FBA","1","Office Products","Standard","7.6 x 0.1 x 9.7 in","12.3 oz","https://www.amazon.com/dp/B0CND9XCFN"