"Export time:  2/1/2024, 1:45:34 PM","","ASIN","Product Name","Brand","Price","Monthly Units Sold","Daily Units Sold","Monthly Revenue","Date First Available","Net Revenue","Star Rating","Reviews","Amazon Fees","BSR","LQS","Seller Type","Sellers","Category","Product Tier","Dimensions","Weight","Link"
"","","B0C23C716R","LYSHIYI Shoe Covers Machine Automatic Shoe Cover Dispenser with 200pcs Disposable Plastic Shoe Cover for Home, Office, Supermarket, Factory, Hospital (Silver)","LYSHIYI","$41.99","2,480","102","$104,135","04/10/2023","$28.66","3.5","103","$13.33","2,770","7","FBA","4","Tools & Home Improvement","Standard","8.4 x 5 x 16.5 in","5.08 lb","https://www.amazon.com/dp/B0C23C716R"
"shoe cover dispenser machine","","B0CHJPN546","LYSHIYI Shoe Covers Dispenser with 200pcs Shoe Cover Disposable Non Slip, User-Friendly and Durable Shoe Cover Machine, Fits Size Up to 11 US Men and up, Widely Applicable in Indoor(Silver)","LYSHIYI","$42.99","831","27","$35,725","09/06/2023","$29.81","3.6","22","$13.18","13,440","7","FBA","1","Tools & Home Improvement","Standard","8.27 x 4.72 x 15.75 in","4.82 lb","https://www.amazon.com/dp/B0CHJPN546"
"Average Monthly Sales: 1,086","","B0CPYDQ844","LYSHIYI Shoe Cover Dispenser with 200pcs Disposable Shoe Covers, Automatic Shoe Cover Machine Fits shoes up to Men's size 12, Suitable for Home, Factory, Hospital (Silver)","LYSHIYI","$41.99","360","11","$15,116","12/31/2023","$28.66","2.5","2","$13.33","33,512","7","FBA","1","Tools & Home Improvement","Standard","8.39 x 5 x 16.5 in","5.19 lb","https://www.amazon.com/dp/B0CPYDQ844"
"Average Revenue: $20,158","","B0BJDF2YB3","Automatic Shoe Cover Dispenser, Shoe Cover Machine with 100 Pcs Disposable Shoe Covers, Non Slip Boot Cover Dispenser for Indoors, Shoe Wrapping Machine for Family, Gathering, Office, Gold","NIUGRECF","$39.99","159","5","$6,358","10/16/2022","$27.26","3.4","33","$12.73","67,935","6","FBA","1","Tools & Home Improvement","Standard","8.27 x 4.92 x 15.35 in","4.29 lb","https://www.amazon.com/dp/B0BJDF2YB3"
"Average Price: $60.97","","B09Y8GS5G3","Blemoacha Automatic Shoe Covers Dispenser,200 Pcs Shoe Cover Indoors Disposable,Booties for Portable Machine Fits One Size,Shoe Cover Protect Floor for House Office Hospital Factory (Silver)","Blemoacha","$38.99","1,255","34","$48,932","04/18/2022","$26.11","3.7","457","$12.88","10,184","7","FBA","1","Tools & Home Improvement","Standard","8.86 x 5.31 x 16.73 in","3.74 lb","https://www.amazon.com/dp/B09Y8GS5G3"
"Average No. of Ratings: 565","","B08FHPRS87","JoaSinc Shoe Cover Machine, Automatic Shoe Cover Dispenser, Shoe Booties Disposable 100pcs Disposable Plastic Shoe Covers Bags Shoe Covers Machine for Indoors Home Supermarket Shops Hospital","JoaSinc","$35.59","148","6","$5,267","05/06/2020","$23.22","3.8","357","$12.37","54,480","6","FBA","1","Tools & Home Improvement","Standard","8.98 x 5.43 x 16.73 in","4.29 lb","https://www.amazon.com/dp/B08FHPRS87"
"Average Sales Rank: 259,957","","B089WJSK2Y","SimplyImagine Wall-Mounted Glove Dispenser for Emesis Bags, Hairnet, Face Mask, Laundry Pods, Safety Glasses, Earplugs- Acrylic Medical Shoe Covers, Safety Goggles, Toys, Hair Accessories, Beard Nets","SimplyImagine","$25.99","314","11","$8,161","06/30/2020","$17.73","4.6","254","$8.26","13,492","6","FBA","1","Industrial & Scientific","Standard","6.5 x 5 x 8.25 in","1.4 lb","https://www.amazon.com/dp/B089WJSK2Y"
"Average Rating Number: 4.1","","B0B7X71J8V","QeeLink Leather Welding Spats Extra Long - Heat and Abrasion Resistant Welding Boot Covers - Full Coverage Shoes Protectors - Welding Gaiters, 1 Pair","QeeLink","$19.99","240","8","$4,798","07/27/2022","","4.4","118","","43,556","7","FBA","1","Tools & Home Improvement","","","","https://www.amazon.com/dp/B0B7X71J8V"
"","","B0BV7DKDJY","Provizio Supply Waterproof Shoe Covers Disposable Non Slip Extra Large Boot Cover Dark Blue - (40 Pairs)","Provizio Supply","$42.95","262","11","$11,253","02/07/2023","$29.48","4.7","70","$13.47","33,500","6","FBA","2","Tools & Home Improvement","Standard","10.43 x 6.38 x 10.51 in","2.2 lb","https://www.amazon.com/dp/B0BV7DKDJY"
"","","B07SW485J5","HOMEST Sewing Machine Carrying Case with Multiple Storage Pockets, Universal Tote Bag with Shoulder Strap Compatible with Most Standard Singer, Brother, Janome, Grey (Patent Design)","HOMEST","$35.99","1,007","30","$36,242","08/01/2019","$23.86","4.8","4,966","$12.13","4,489","7","FBA","1","Arts, Crafts & Sewing","Standard","9 x 13 x 5 in","2.35 lb","https://www.amazon.com/dp/B07SW485J5"
"","","B088TD1Z5B","Automatic Shoe Covers Dispenser - BeiLan Shoe Cover Machine with 100pcs Shoe Covers Disposable Boot Cover Waterproof, Dust Proof, for Medical, Home, Shop and Office","BeiLan","$35.89","215","7","$7,716","05/18/2020","$23.78","3.8","341","$12.11","49,346","6","FBA","1","Tools & Home Improvement","Standard","8.27 x 4.53 x 15.75 in","4.34 lb","https://www.amazon.com/dp/B088TD1Z5B"
"","","B0C7GXDMZS","Becackly Automatic Shoe Cover Machine Have 200 Shoe Covers Disposable Shoe Covers, Portable Machine In Used At home, office, hospital, Factory to Protect the Floor (Blue)","Becaskly","$48.99","56","5","$2,743","06/07/2023","$34.31","5","3","$14.68","69,305","7","FBA","1","Tools & Home Improvement","Standard","9.33 x 5.47 x 16.77 in","4.75 lb","https://www.amazon.com/dp/B0C7GXDMZS"
"","","B0BVZ5F615","Automatic Shoe Covers Dispenser,Shoe Cover Machine Set with Waterproof 100pcs Plastic Booty Shoe Covers Film Disposable Non Slip Covers,Suitable for Indoor Home, Shop,Offices,Family Gathering,Gold","SCGFPOE","$39.99","76","3","$3,039","02/15/2023","$26.06","4","8","$13.93","99,933","7","FBA","2","Tools & Home Improvement","Standard","9.25 x 7 x 17.25 in","4.24 lb","https://www.amazon.com/dp/B0BVZ5F615"
"","","B01DYN551S","Foldable Shoe Cover Holder (Black) with Bonus Please Use Shoe Covers, Double Sided, Door Hanger","Ssxyan","$16.49","576","23","$9,498","04/06/2016","$9.57","4.4","1,628","$6.92","41,176","7","FBA","2","Home & Kitchen","Standard","10.67 x 11.85 x 0.87 in","0.9 lb","https://www.amazon.com/dp/B01DYN551S"
"","","B0C5RF1WKM","Shoe Cover Machine Automatic Anti-Slip Indoor Shoe Cover Dispenser - 25.9812.913.7 In, 1000 Disposable Shoe Cover Capacity - Fast Film Output, Energy Saving for Home & Industrial Use - Clean Floors","","$1,298.00","","","","","","","","","393,950","","FBA","","Tools & Home Improvement","","","","https://www.amazon.com/dp/B0C5RF1WKM"
"","","B0BWXTBZRN","Automatic Shoe Cover Dispenser with 50pcs Non-slip Disposable Shoe Covers,Booties for Portable Machine Fits One Size,Boot Cover Dispenser for Home,Indoors,House,Office,Supermarket,Factory(Silver)","ZRSCHYG","$47.98","208","8","$9,980","03/30/2023","$32.85","3.9","20","$15.13","46,024","6","FBA","2","Tools & Home Improvement","Standard","10.8 x 6 x 17.3 in","4.14 lb","https://www.amazon.com/dp/B0BWXTBZRN"
"","","B00SZ0XLNA","Trimaco E-Z Floor Guard Starter Kit, White","Trimaco","$106.99","72","1","$7,703","01/29/2015","$78.58","3.8","351","$28.41","178,211","5","AMZ","11","Tools & Home Improvement","Oversize","22.75 x 4.37 x 8.75 in","9.18 lb","https://www.amazon.com/dp/B00SZ0XLNA"
"","","B0BWTWB6RC","Shoe Cover Machine,Automatic Shoe Cover Dispenser,Attached with 50pcs Non-Woven Fabric Disposable Non Slip Shoe Covers,Suitable for Family Gatherings, Offices, Kitchens, Supermarkets,Silver","SCGFPOE","$39.99","102","3","$4,079","02/24/2023","$26.66","3.5","32","$13.33","106,120","6","FBA","2","Tools & Home Improvement","Standard","9.18 x 6 x 17.1 in","4.04 lb","https://www.amazon.com/dp/B0BWTWB6RC"
"","","B0BRSWRMPL","Automatic Shoe Covers Dispenser,200 Pcs Shoe Cover Indoors Disposable,Booties for Portable Machine Fits One Size,Shoe Cover Protect Floor for House Office Hospital Factory (Silver)","Becaskly","$45.99","60","2","$2,759","01/05/2023","","3.7","84","","143,747","7","FBA","1","Tools & Home Improvement","","","","https://www.amazon.com/dp/B0BRSWRMPL"
"","","B0BNQ6YQGK","200 Pcs (100 Pairs) Disposable Shoe Covers Non Woven Stretchable Boot Covers Non Slip Durable Waterproof Shoe Protector Covers for Women Men Fits Size 4-12 Booties Carpet Floor Indoor House (Gray)","Tigeen","$17.99","540","19","$9,715","11/30/2022","$9.50","4","71","$8.49","19,307","6","FBA","1","Tools & Home Improvement","Standard","9.49 x 3.78 x 9.92 in","1.46 lb","https://www.amazon.com/dp/B0BNQ6YQGK"
"","","B07YM414BS","Foldable Fabric Storage Box for Disposable Shoe Covers or Booties (Includes 10 Pairs of Shoe Covers)! Great for Realtor Listings and Open Houses. Ideal for Realtors, Contractors, Painters! (Black)","AAA Best Deal","$17.99","275","8","$4,947","12/11/2019","$11.52","4.4","799","$6.47","45,588","7","FBA","3","Tools & Home Improvement","Standard","10 x 8 x 10 in","10 oz","https://www.amazon.com/dp/B07YM414BS"
"","","B00KVOJU5G","Foldable Shoe Cover Holder (Red) with Bonus: 1 Door Hanger Double Sided - Please Use Shoe Covers","Mediz","$16.25","30","1","$487.50","06/08/2014","$10.08","4.4","546","$6.17","644,771","7","FBA","1","Home & Kitchen","Standard","9 x 10 x 8 in","10.2 oz","https://www.amazon.com/dp/B00KVOJU5G"
"","","B0CQSGZLDC","Automatic Shoe Cover Dispenser Machine with 200pcs Shoe Covers Disposable, Slip on Shoe Covers Dispenser for Home, Office, Supermarket, Factory, Hospital (Gold)","Generic","$47.97","112","3","$5,373","12/21/2023","$35.63","5","2","$12.34","96,480","8","FBM","1","Tools & Home Improvement","Standard","5 x 3 x 10 in","2 lb","https://www.amazon.com/dp/B0CQSGZLDC"
"","","B0BZSKB6X5","JATHIN Automatic Shoe Covers Dispenser for Indoors, Shoe Cover Machine Kit Include 200PCS Disposable Plastic shoe cover dispenser box Gold","JATHIN","$45.99","210","7","$9,658","03/27/2023","","4.1","151","","51,169","6","FBA","1","Tools & Home Improvement","","","","https://www.amazon.com/dp/B0BZSKB6X5"
"","","B09LVFL21Q","Automatic Shoe Covers Dispenser with Disposable Shoe Covers for Home, Office, Supermarket, Factory, Lab (Silver)","GreeSuit","$39.99","124","3","$4,959","12/08/2021","$26.96","3.7","163","$13.03","98,376","6","FBA","1","Tools & Home Improvement","Standard","8.86 x 5.31 x 16.54 in","4.84 lb","https://www.amazon.com/dp/B09LVFL21Q"
"","","B0CNH9KL81","Automatic Shoe Covers Dispenser with 200 Pcs Disposable Shoe Cover,User-Friendly Shoe Cover Machine for Adult and Kids All Sizes,Portable Shoe Machine for Home,Office.Hospital (Silver)","bangminda","$39.99","","","$0.00","11/15/2023","$26.66","","","$13.33","447,619","6","FBA","1","Tools & Home Improvement","Standard","9.06 x 5.91 x 17.32 in","4.4 lb","https://www.amazon.com/dp/B0CNH9KL81"
"","","B0C7GZHRBN","Becackly Automatic Shoe Cover Machine Have 200 Shoe Covers Disposable Shoe Covers, Portable Machine In Used At home, office, hospital, Factory to Protect the Floor (silver)","Becaskly","$45.99","17","2","$781.83","06/07/2023","$31.76","3.8","4","$14.23","144,879","7","FBA","1","Tools & Home Improvement","Standard","9.21 x 5.55 x 16.93 in","4.71 lb","https://www.amazon.com/dp/B0C7GZHRBN"
"","","B0BRST3F33","Automatic Shoe Covers Dispenser,200 Pcs Disposable Shoe Cover,Waterproof T Buckle Shoe Cover for Adult and Kids All Sizes,Portable Machine for Indoors/Home/Office/Hospital (Gold)","Becaskly","$52.99","6","","$317.94","01/05/2023","$37.71","3.4","51","$15.28","355,310","8","FBA","2","Tools & Home Improvement","Standard","9.02 x 5.59 x 16.73 in","4.73 lb","https://www.amazon.com/dp/B0BRST3F33"
"","","B08ZSW6QFW","LCPCX Disposable shoe covers with T-buckle shoe covers, 100 packs (50 pairs), applicable shoe cover machine, can be used in laboratories, homes, stores and other public places","LCPCX","$13.99","82","2","$1,147","03/22/2021","$8.12","4","136","$5.87","135,433","7","FBA","1","Tools & Home Improvement","Standard","6.89 x 1.77 x 9.45 in","7.4 oz","https://www.amazon.com/dp/B08ZSW6QFW"
"","","B08BYMYR6N","Automatic Shoe Cover Dispenser, Shoe Covers Machine with 200 Pack Plastic Shoe Covers, for Household Office Hospital (Gold)","Swygen","$57.89","1","","$57.89","06/27/2020","$41.88","3.7","84","$16.01","756,123","7","FBM","1","Tools & Home Improvement","Standard","9.02 x 5.55 x 16.81 in","4.97 lb","https://www.amazon.com/dp/B08BYMYR6N"
"","","B0C7H1NBHY","Becackly Automatic Shoe Cover Machine Have 200 Shoe Covers Disposable Shoe Covers, Portable Machine In Used At home, office, hospital, Factory to Protect the Floor (gold)","Becaskly","$59.99","8","","$479.92","06/07/2023","$43.96","3","5","$16.03","489,234","7","FBA","1","Tools & Home Improvement","Standard","8.98 x 5.51 x 16.81 in","4.66 lb","https://www.amazon.com/dp/B0C7H1NBHY"
"","","B0CQYSC1W4","Automatic Shoe Cover Machine,Shoe Cover Dispenser with 100pcs Shoe Covers Disposable,Plastic Shoe Covers Slip on Shoe Wrapping Machine for Indoors Home Office Factory Hospital (Silver)","Walbest","$43.99","","","$0.00","12/29/2023","","","","","472,966","","FBM","1","Tools & Home Improvement","","","","https://www.amazon.com/dp/B0CQYSC1W4"
"","","B0CR1DML84","Automatic Shoe Cover Dispenser Machine with 200pcs Shoe Covers Disposable, Slip on Shoe Covers Dispenser for Home, Office, Supermarket, Factory, Hospital (Silver)","CAREEN","$39.99","","","$0.00","12/24/2023","","","","","916,552","7","FBM","1","Tools & Home Improvement","","8.4 x 5 x 16.5 in","","https://www.amazon.com/dp/B0CR1DML84"
"","","B0CR1KTNM4","Automatic Shoe Cover Dispenser Machine with 200pcs Shoe Covers Disposable, Slip on Shoe Covers Dispenser for Home, Office, Supermarket, Factory, Hospital (Silver)","HeiheiTom","$39.99","","","$0.00","12/24/2023","","","","","479,491","7","FBM","1","Tools & Home Improvement","","8.4 x 5 x 16.5 in","","https://www.amazon.com/dp/B0CR1KTNM4"
"","","B0CLL59P31","Automatic Shoe Cover Dispenser Machine with 200 disposable shoes cover for Home, Office, with Foldable Fabric Storage Box for Disposable Shoe Cover, reusable, waterproof.","Generic","$75.97","","","$0.00","10/22/2023","$57.84","5","1","$18.13","584,398","7","FBA","1","Tools & Home Improvement","Standard","8.2 x 4.7 x 15.7 in","3.74 lb","https://www.amazon.com/dp/B0CLL59P31"
"","","B0CQXPCPZL","Automatic shoe cover dispenser. Comes with 200 disposable shoe covers. Suitable for kitchen, living room, office, clean rooms, hospitals. Designed to protect floors (Gray)","BEDPET","$49.99","","","$0.00","12/29/2023","","","","","642,792","","FBM","1","Tools & Home Improvement","","","","https://www.amazon.com/dp/B0CQXPCPZL"
"","","B0CQYPS2KM","Shoe Cover Dispenser with 100pcs Shoe Covers Disposable, Automatic Shoe Cover Machine,Plastic Shoe Covers Slip on Shoe Wrapping Machine for Indoors Home Office Supermarket Factory Hospital (Golden)","Walbest","$44.99","","","$0.00","12/30/2023","","","","","987,294","","FBM","1","Tools & Home Improvement","","","","https://www.amazon.com/dp/B0CQYPS2KM"
"","","B0CC5GPKT3","squish 200 Pack Shoe Covers Disposable Non-Slip, Black Non-Woven Fabric Boot Covers for Indoors Breathable Slip Resistant Durable Boot&Shoes Cover, Protector Covers Fits Virtually Most Shoes","squish","$26.99","1,014","39","$27,368","09/21/2023","$16.51","4.2","48","$10.48","8,955","6","FBA","1","Tools & Home Improvement","Standard","11.89 x 2.87 x 12.28 in","2.35 lb","https://www.amazon.com/dp/B0CC5GPKT3"
"","","B07Y45HL9Z","RE GOODS Shoe Covers Box - Disposable Bootie Holder, 9x9x8 Inches, Grey Polypropylene, Ideal for Realtors, Classrooms, Offices, Contractors","RE GOODS","$12.95","192","7","$2,486","09/19/2019","$8.09","4.4","991","$4.86","118,831","6","FBA","1","Home & Kitchen","Standard","6.85 x 8.465 x 0.591 in","0.309 lb","https://www.amazon.com/dp/B07Y45HL9Z"
"","","B0C4YKBLK5","Teletrogy Shoe Washing Bag for Washing Machine, Fluffy Fibers Keep 360 Wrap-around Cleaning, 2 Pairs Adjustable Shoe Trees, Durable Hidden Zipper Reusable Shoe Laundry Bag for Sneaker Gym Shoes White","Teletrogy","$36.99","823","30","$30,443","01/08/2019","","4.3","1,065","","30,908","7","FBA","4","Home & Kitchen","","","","https://www.amazon.com/dp/B0C4YKBLK5"
"","","B0C3QP4WLS","squish Shoe Covers Disposable Non Slip, 100 Pack(50 pairs) Thick Extra Disposable Boot Covers Slip Proof Shoe Cover for Indoors Outdoors Recyclable Durable Protector Covers Fits Virtually Most Shoes","squish","$21.99","2,736","122","$60,165","06/20/2023","$13.55","4.4","2,536","$8.44","2,193","6","FBA","2","Tools & Home Improvement","Standard","11.93 x 1.85 x 12.24 in","1.21 lb","https://www.amazon.com/dp/B0C3QP4WLS"
"","","B0CB8K9KJ3","Shoe Booties Disposable Non Slip,Recyclable Shoe Covers Disposable Non Slip for Indoors, Fits Up To 11 US Men and 13 US Women Size,Recyclable Non-Woven Fabric (Black Set of 50)","DclobTop","$9.99","6,151","219","$61,448","10/26/2022","$3.97","4.3","293","$6.02","927","6","FBA","1","Tools & Home Improvement","Standard","6.61 x 1.89 x 11.34 in","13.4 oz","https://www.amazon.com/dp/B0CB8K9KJ3"
"","","B0BBVR6P1N","Jonnick Sneaker Dryering & Washing Machine Bag, Dryer for Shoes, Clothing & Laundry - Elastic Strap Adjuster for Most Dryers Machines Door in Laundry Room, Easy Installation(15.7x 15.7Inch)","Jonnick","$10.99","870","30","$9,561","08/24/2022","$6.42","4","273","$4.57","31,166","6","FBA","1","Home & Kitchen","Standard","9 x 0.2 x 10 in","2.08 oz","https://www.amazon.com/dp/B0BBVR6P1N"
"","","B0995S5QY4","Walbest Plastic Shoe Cover Machine, Automatic Shoe Cover Dispenser Machine for Indoors, Shoe Wrapping Machine, Household Shoes Cover Machine, Automatic Shoes Cover Dispenser Luxury Gold Color","Walbest","$45.62","","","$0.00","07/11/2021","","","","","1,201,540","7","FBM","1","Tools & Home Improvement","","","3.131 lb","https://www.amazon.com/dp/B0995S5QY4"
"","","B0CR1CTJ47","Disposablee Boot Cover Dispenser, Plasticc Shoe Covers Disposablee Machine, Automatic Shoe Cover Dispenser with 100 Shoe Covers, Non-Slip Shoe Cover Machine for Home Officee Laboratory Hospital Museum","","$47.16","","","","","","","","","1,407,898","","FBM","","Tools & Home Improvement","","","","https://www.amazon.com/dp/B0CR1CTJ47"
"","","B0CR6MF5HK","PROKTH Shoe Covers Machine Automatic Shoe Cover Dispenser with 100pcs Disposables Plasticss Shoe Cover for Home, Offices, Supermarket, Factory, Hospital","PROKTH","$48.99","","","$0.00","01/01/2024","","","","","995,304","","FBM","1","Tools & Home Improvement","","","","https://www.amazon.com/dp/B0CR6MF5HK"
"","","B0CBSCMMW7","Soaoo Hairnet Shoe Cover Dispenser Wall Mounted Clear Acrylic Face Mask Dispenser Box with Lids 4 Compartments Gloves Holder on Wall Disposable Mask Acrylic Storage for Organizing Kitchen Restaurant","Soaoo","$35.99","30","3","$1,080","07/12/2023","$24.64","5","1","$11.35","53,929","7","FBA","1","Industrial & Scientific","Standard","10.39 x 4.02 x 16.85 in","2.6 lb","https://www.amazon.com/dp/B0CBSCMMW7"
"","","B09WTGZZFY","200 Pack Disposable Shoe Covers Black Disposable Boot and Shoe Booties Covers Waterproof Slip Resistant Shoe Booties Covers (Extra Large)","Janmercy","$24.99","125","3","$3,124","03/29/2022","$14.51","4.4","154","$10.48","96,320","7","FBA","1","Tools & Home Improvement","Standard","11.46 x 4.41 x 12.99 in","2.92 lb","https://www.amazon.com/dp/B09WTGZZFY"
"","","B0CR1VNDV2","Plastic Shoe Cover Machine,Portable Automatic Boot Cover Machine,Plastic Shoe Cover for Home, Office, Supermarket, Factory, Hospital,(200pcs Shoe covers)","YRUEMM","$49.89","","","$0.00","12/30/2023","","","","","731,153","","FBM","1","Tools & Home Improvement","","","","https://www.amazon.com/dp/B0CR1VNDV2"
"","","B0CJC5G8B4","Suzanne 200 Count Disposable Plastic Portable Foldable Fabric Storage Boxes Waterproof Shoe Covers with Non Slip Feet for Front Door Porch Entryway Painters Guests Indoor Beige","Suzile","$30.99","38","1","$1,178","09/18/2023","","4.2","3","","272,053","7","FBA","1","Tools & Home Improvement","","","","https://www.amazon.com/dp/B0CJC5G8B4"
"","","B0BZS558D5","Homelove Shoe Covers Disposable 100 Pack(50 Pairs) Boot Covers Non-Slip for Indoor, Durable Noiseless Shoe Booties Covers for Home, Real Estate, Workplace, Construction, Floor, Travel","Homelove","$11.99","73","2","$875.27","03/27/2023","$5.67","3.7","23","$6.32","130,913","7","FBA","1","Tools & Home Improvement","Standard","10.75 x 1.73 x 13.3 in","13.1 oz","https://www.amazon.com/dp/B0BZS558D5"
"","","B07RBCGYY1","Yolju 2 Pack Shoe Cover Boxes for Realtor, Home, Office. Blue and Red Foldable Boxes Come as a Set with Please Cover Your Shoes and Used Shoe Covers Sign for Disposable Booties","Yolju","$15.99","292","14","$4,669","04/30/2019","$6.26","4.7","616","$9.73","25,156","6","FBA","1","Tools & Home Improvement","Standard","8 x 11 x 11 in","1.5 lb","https://www.amazon.com/dp/B07RBCGYY1"
"","","B0CJ6Y59R2","LYSHIYI 1200 Pcs Shoe Covers Disposable, Non-Slip, Durable Shoe Covers for Indoors, 15.7'' Adjustable Size Great Value Boot Covers for Home, Hospitals, and Businesses","LYSHIYI","$49.99","43","2","$2,150","10/06/2023","$29.37","4.8","9","$20.62","157,371","6","FBA","1","Tools & Home Improvement","Oversize","10.43 x 10.24 x 14.76 in","5.94 lb","https://www.amazon.com/dp/B0CJ6Y59R2"
"","","B08LBB2RT2","Buself Shoe Covers Disposable Non Slip - Pack of 100 (50 Pairs), Premium Waterproof and Recyclable Shoe Booties Covers for Indoors, Fits Up To 11 US Men and 13 US Women Size","Buself","$11.99","23,409","765","$280,674","06/21/2020","$6.42","4.4","7,402","$5.57","94","6","FBA","3","Tools & Home Improvement","Standard","5.9 x 2.6 x 7.87 in","10.6 oz","https://www.amazon.com/dp/B08LBB2RT2"