"Export time:  1/30/2024, 12:37:25 AM","","ASIN","Product Name","Brand","Price","Monthly Units Sold","Daily Units Sold","Monthly Revenue","Date First Available","Net Revenue","Star Rating","Reviews","Amazon Fees","BSR","LQS","Seller Type","Sellers","Category","Product Tier","Dimensions","Weight","Link"
"","","B0BR9J86N7","SPOPSOOD Bamboo Tea Bag Organizer, 3-Tier Tea Bag Holder Storage Organizer, Stackable Tea Packet Rack/Shelf, Tea Station Stand with Acrylic Partition for Counter, Cabinet and Pantry","SPOPSOOD","$39.99","194","7","$7,758","12/28/2022","","4.7","52","","128,101","6","FBA","2","Home & Kitchen","","","","https://www.amazon.com/dp/B0BR9J86N7"
"bamboo tea organizer","","B09WN3RFQZ","    Tea Bag Organizer Storage Holder for Tea Bags Wood Tea Box Containers Tea Rack Teabag Station Stand for Cabinet Countertop Office(Patented Design)","TIOPGHAD","$39.99","1,950","47","$77,981","03/27/2022","$26.66","4.7","685","$13.33","19,124","7","FBA","2","Home & Kitchen","Standard","8.11 x 12.795 x 4.921 in","6.598 lb","https://www.amazon.com/dp/B09WN3RFQZ"
"Average Monthly Sales: 594","","B09SYSKQXQ","Small Tea Bag Holder by HTB, Bamboo Tea Organizer 3 Compartments for Beverage Suppliers, Sweeteners, Individual Packets, Portable Tea Bag Organizer for Small Space","HTB","$11.99","1,334","67","$15,995","05/24/2022","$6.42","4.7","1,488","$5.57","12,801","7","FBA","1","Home & Kitchen","Standard","9.45 x 2.6 x 3.11 in","10.8 oz","https://www.amazon.com/dp/B09SYSKQXQ"
"Average Revenue: $16,908","","B096LLDL74","Dicunoy 2 Pack Bamboo Tea Bag Organizer, Wood Hot Tea Bag Drawer Storage Organizer Holder with 6 Compartments, Tea Chest Box for Coffee Station, Sugar Packet, Sweeteners, Small Packets","Dicunoy","$25.99","345","11","$8,967","06/03/2021","$15.66","4.7","147","$10.33","83,319","7","FBA","1","Home & Kitchen","Standard","7.48 x 10.787 x 6.339 in","2.703 lb","https://www.amazon.com/dp/B096LLDL74"
"Average Price: $29.73","","B09PJ6147V","Merazi Living Sustainable Acacia Wood Tea Box - An Ideal Tea Box Organizer, Tea Storage Box, Gorgeous Wooden Tea Box and Tea Bag Organizer","Merazi Living","$39.00","45","2","$1,755","12/31/2021","$27.36","4","36","$11.64","408,110","6","FBA","1","Home & Kitchen","Standard","6.77 x 4.29 x 13.19 in","2.67 lb","https://www.amazon.com/dp/B09PJ6147V"
"Average No. of Ratings: 1,631","","B0823L58C1","Zen Earth Inspired Bamboo Tea Organizer Box Chemical Free Eco-Friendly Big, Tall, Adjustable Cubbies Natural Wooden Storage Chest (8-Slot 14.3' x 8.1' x 4.2' with TEA print design)","Zen Earth Inspired","$42.99","200","4","$8,598","11/27/2019","$29.21","4.7","645","$13.78","193,799","6","FBA","2","Home & Kitchen","Standard","9.6 x 15.9 x 5.9 in","4.5 lb","https://www.amazon.com/dp/B0823L58C1"
"Average Sales Rank: 208,289","","B0B8NW1Y41","X-cosrack Bamboo Tea Bag Organizer Storage Box 3 Tier Stackable Tea Bag Holder Tea Caddy Box Containers Tea Packet Rack Teabag Shelf for Office Kitchen Cabinet Pantry","X-cosrack","$29.99","810","27","$24,292","08/03/2022","","4.3","827","","35,176","6","FBA","1","Home & Kitchen","","","","https://www.amazon.com/dp/B0B8NW1Y41"
"Average Rating Number: 4.6","","B07HGDHJ2T","Apace Living Tea Box - Luxury Wooden Tea Storage Chest from The Premier Collection - 8 Adjustable Compartment Tea Bags Organizer Container - Elegantly Handmade w/Scratch Resistant Window","Apace Living","$59.97","229","6","$13,733","08/28/2017","$44.54","4.8","1,821","$15.43","144,209","7","FBA","1","Home & Kitchen","Standard","8.504 x 13.307 x 4.882 in","3.671 lb","https://www.amazon.com/dp/B07HGDHJ2T"
"","","B0784VKM9M","Bambüsi Tea Bag Organizer - Tea Organizer: Wooden Tea Box with 8 Compartments, Acrylic Window, and Magnetic Lid, Made of Bamboo - Keeps Tea Bags Fresh (Tea Not Included) - Great Gift Idea","Bambüsi","$26.99","1,174","26","$31,686","11/27/2017","$16.51","4.7","3,291","$10.48","35,752","7","FBA","8","Home & Kitchen","Standard","9 x 4 x 13 in","3.25 lb","https://www.amazon.com/dp/B0784VKM9M"
"","","B0BWLMD1PZ","Bamboo Tea Organizer, Tea Bag Organizer for Cabinet, 3-Tier Tea Bag Holder Stores Over 240 Tea Bags, Tea Station for Coffee Capsules, Creamer, Sweetener, Sugar - Removable Divider (Self-assembly)","NUTUNI","$23.99","205","9","$4,918","02/22/2023","","4.2","65","","100,159","7","FBA","1","Home & Kitchen","","","","https://www.amazon.com/dp/B0BWLMD1PZ"
"","","B07GYPKZ5J","RoyalHouse Big Natural Bamboo Tea Storage Organizer with Clear Acrylic Top Window, 8 Compartments Eco-Friendly Tea Bag Holder, Multi-Functional Storage Box","RoyalHouse","$22.99","1,746","56","$40,141","08/29/2018","$13.90","4.8","6,359","$9.09","15,975","6","FBA","1","Home & Kitchen","Standard","7.7 x 12.4 x 4.2 in","2.5 lb","https://www.amazon.com/dp/B07GYPKZ5J"
"","","B0BT9LM4CN","4 Pcs Bamboo Divided Storage Organizer Bamboo Container with 6 Compartments Wood Food Storage Bin Wooden Tea Drawer Box Bamboo Pantry Bin Wooden Holder Case for Snacks Tea Bags Coffee Sugar","Maitys","$31.99","113","2","$3,615","03/23/2023","","5","10","","345,515","7","FBA","1","Home & Kitchen","","","","https://www.amazon.com/dp/B0BT9LM4CN"
"","","B00BNRO5UU","Oceanstar - TB1323 Oceanstar Bamboo Tea Box, 12 Inch, Natural","Oceanstar","$19.79","1,369","45","$27,093","10/31/2011","$10.39","4.7","7,222","$9.40","19,953","5","AMZ","12","Home & Kitchen","Standard","8.27 x 4.09 x 13.07 in","2.69 lb","https://www.amazon.com/dp/B00BNRO5UU"
"","","B0CL811MRG","REDHUGO Glass Tea Bag Organizer with 8 Compartments, Handmade Large Tea Bag Storage Box for Counter Kitchen, Tea Bag Holder,Tea Storage Containers with Lid,Tea Accessories Gifts for Tea Drinkers,Gold","REDHUGO","$36.98","30","1","$1,109","10/20/2023","","5","1","","445,606","7","FBA","1","Home & Kitchen","","","","https://www.amazon.com/dp/B0CL811MRG"
"","","B0BXY5Z22C","mDesign Divided Plastic Tea Organizer Bin with Drawer - Stackable Tea Bag Holder for Kitchen, Pantry, and Cabinet - Caddy with Small Dividers - 20 Sections - Lumiere Collection - Clear","mDesign","$31.19","90","4","$2,807","03/08/2023","","5","4","","66,891","7","FBA","1","Kitchen & Dining","","","","https://www.amazon.com/dp/B0BXY5Z22C"
"","","B08KWQKF98","mDesign Plastic Stackable Tea Bag Organizer Storage Bin with Lid for Kitchen Cabinets, Countertops, Pantry - Container Holds Beverage Bags, Cups, Pods, Packets, Condiment Accessories - Clear","mDesign","$21.99","2,018","67","$44,376","10/07/2020","$11.96","4.7","13,581","$10.03","3,729","7","FBA","1","Kitchen & Dining","Standard","10.5 x 3.752 x 11.752 in","4.5 lb","https://www.amazon.com/dp/B08KWQKF98"
"","","B09TNPQCRB","Peohud Bamboo K Cup Holder, Bamboo Coffee Cup Drawer, Coffee Pod Holder Tea Bag Storage Organizer for Kitchen Office Coffee Bar","Peohud","$29.99","157","4","$4,708","02/28/2022","$18.16","4.3","79","$11.83","56,562","6","FBA","1","Kitchen & Dining","Standard","13.11 x 3.74 x 14.65 in","6.13 lb","https://www.amazon.com/dp/B09TNPQCRB"
"","","B09X2NY25N","Lyellfe Tea Bag Organizer, Vertical Bamboo Tea Bag Holder, Tea Bag Tray Caddy to Hold 180 Tea Bags, 3 Tier Rustic Coffee Condiment Holder Storage Caddy for Home, Office or Caf, 9 Compartments","Lyellfe","$22.99","110","4","$2,529","04/01/2022","$12.21","4.2","58","$10.78","210,404","6","FBA","1","Home & Kitchen","Standard","10.59 x 11.61 x 7.76 in","3.73 lb","https://www.amazon.com/dp/B09X2NY25N"
"","","B0B79N8TFL","handrong Tea Box Tea Bag Organizer Bamboo Tea Bag Holder Modern Tea Caddy Chest with 9 Compartments and Clear Cover for Home Use Holiday Gift","handrong","$29.99","277","18","$8,307","05/30/2022","","4.4","219","","51,755","6","FBA","2","Home & Kitchen","","","","https://www.amazon.com/dp/B0B79N8TFL"
"","","B07DQ6X2FQ","mDesign Plastic Tea Bag Divided Storage Organizer Container Box with Hinge Lid for Kitchen Cabinet, Countertop, Pantry, Holds Tea Bags, Seasoning Packets, Condiments, 8 Sections, Clear","mDesign","$20.99","1,112","33","$23,341","06/12/2018","$11.41","4.7","3,095","$9.58","8,348","7","FBA","1","Kitchen & Dining","Standard","10.512 x 11.772 x 3.543 in","2.423 lb","https://www.amazon.com/dp/B07DQ6X2FQ"
"","","B0CJG57DBD","UPLEVELDD Bamboo Trash Bag Organizer (10x 6x 6)","UPLEVELDD","$31.99","","","$0.00","09/20/2023","$21.40","5","1","$10.59","1,369,171","5","FBA","1","Kitchen & Dining","Standard","6.65 x 4.02 x 10.59 in","2.25 lb","https://www.amazon.com/dp/B0CJG57DBD"
"","","B07SPFSG52","mDesign Plastic Tea Bag Caddy Box Storage Container Organizer Holder with 3 Drawers - for Kitchen Pantry, Cabinet, Countertop - Holds Coffee, Sugar Packets - Lumiere Collection, Light Gray/Clear","mDesign","$24.79","820","35","$20,328","07/26/2019","$13.74","4.7","7,450","$11.05","7,882","7","FBA","1","Kitchen & Dining","Standard","10.039 x 11.535 x 7.795 in","3.68 lb","https://www.amazon.com/dp/B07SPFSG52"
"","","B07TVDFVV9","Luxury Bamboo Kitchen Drawer Organizer - Silverware Organizer - Utensil Holder and Cutlery Tray with Grooved Drawer Dividers for Flatware and Kitchen Utensils (9 Slot, Natural)","ROYAL CRAFT WOOD","$30.97","8,051","198","$249,339","07/01/2019","$15.10","4.6","29,754","$15.87","870","7","FBA","2","Kitchen & Dining","Oversize","20 x 2.5 x 17.5 in","3.89 lb","https://www.amazon.com/dp/B07TVDFVV9"
"","","B07ZV7M4HS","Bamboo Land- Bamboo K Cup Holder, 4 Adjustable Dividers, 36 K Cup Pod Storage, Coffee Pod Drawer, Coffee Pod Holder, Coffee Pod Organizer, Kcup Holder, K Cup Holders for Counter, Coffee Pods Holder","BAMBOO LAND","$38.99","103","3","$4,016","10/30/2019","$25.81","4.5","1,098","$13.18","81,003","6","FBA","1","Kitchen & Dining","Standard","13.5 x 4.5 x 14.5 in","1 lb","https://www.amazon.com/dp/B07ZV7M4HS"
"","","B0BZP8CY9B","ZENFUN 2 Pack Bamboo Teabag Organizer Box, 6 Compartments Teabag Storage Container with Handle, Divided Sugar Packet Holder, Square Coffee Condiment Organizer Great for Coffee, Snacks, Small Items","ZENFUN","$19.99","30","1","$599.70","03/26/2023","","4.5","10","","521,924","7","FBA","1","Home & Kitchen","","","","https://www.amazon.com/dp/B0BZP8CY9B"
"","","B0B4N7K1SQ","Tea Bag Organizer 6 Compartments by HTB| Gift Box Bamboo Tea Organizer for Tea Bags with Acrylic Transparent Hinged Lid","HTB","$26.99","678","28","$18,299","06/20/2022","","4.7","2,327","","33,129","7","FBA","1","Home & Kitchen","","","","https://www.amazon.com/dp/B0B4N7K1SQ"
"","","B0CHVXXSDK","Foraineam Tea Bag Organizer Bamboo Coffee Condiment and Accessories Storage Holder, 3 Tier Teabag Shelf Coffee Pod Organizer Caddy Storage Box, Vertical Coffee Tea Packet Rack for Home, Office, Caf","Foraineam","$22.99","60","2","$1,379","12/19/2023","","5","2","","389,345","","FBA","1","Home & Kitchen","","","","https://www.amazon.com/dp/B0CHVXXSDK"
"","","B07572YYY7","Apace Living Tea Box - Luxury Wooden Tea Storage Chest from The Premier Collection - 6 Adjustable Compartment Tea Bags Organizer Container - Elegantly Handmade w/Scratch Resistant Window","Apace Living","$41.97","180","6","$7,555","08/28/2017","$27.29","4.8","1,821","$14.68","144,209","7","FBA","1","Home & Kitchen","Standard","8.3 x 10.3 x 5 in","2.551 lb","https://www.amazon.com/dp/B07572YYY7"
"","","B07MWGZN7B","mDesign Plastic Condiment Organizer and Tea Bag Holder - 8-Compartment Kitchen Pantry/Countertop Storage Caddy - Divided Chip, Snack, Oatmeal Packet Holder - Lumiere Collection - 2 Pack, Clear","mDesign","$23.99","1,279","36","$30,683","01/16/2019","$14.60","4.8","2,770","$9.39","7,659","7","FBA","1","Kitchen & Dining","Standard","5.83 x 13.07 x 5.43 in","2.251 lb","https://www.amazon.com/dp/B07MWGZN7B"
"","","B07ZG2LH88","Tazo Tea Bags Sampler Variety in Bamboo Tea Bag Organizer (80 Count) 16 Different Flavors Gifts for Parents Mom Dad Tea Lovers Couples","Eva's Gift Universe","$37.99","347","11","$13,183","12/15/2019","$25.56","4.5","634","$12.43","22,252","7","FBA","3","Grocery & Gourmet Food","Standard","8.74 x 5.08 x 13.58 in","3.51 lb","https://www.amazon.com/dp/B07ZG2LH88"
"","","B0CG5DGFZW","LASZOLA Bamboo Tea Bag Organizer with Metal Coffee Pods Holder, Tea Bag Storage Box Caddy Rack Dispenser Shelf for Tea Bag Organizer, Sugar Packet Station Container for Countertop Cabinet Office","LASZOLA","$40.99","90","3","$3,689","10/28/2023","","4.8","19","","273,046","7","FBA","1","Home & Kitchen","","","","https://www.amazon.com/dp/B0CG5DGFZW"
"","","B0BN355N7C","Wandars Bamboo Tea Bag Organizer Storage Box - Rotating Wooden Tea Organizer for Tea Bags, Coffee and Small Condiments Packets with Lid, Tea Box for Home, Office, Kitchen, Countertop Cabinet","Wandars","$20.99","18","","$377.82","11/22/2022","$11.41","3.9","44","$9.58","884,556","7","FBA","1","Home & Kitchen","Standard","7.72 x 7.6 x 9.21 in","1 lb","https://www.amazon.com/dp/B0BN355N7C"
"","","B08BJKSW8V","Signature Living Bamboo Wooden Tea Box Organizer Storage with Drawer (8 Compartments) Large Tea Organizer Box for Tea Bags and Loose Tea - Sturdy, Natural Bamboo","Signature Living","$19.99","557","20","$11,134","10/12/2020","$10.56","4.7","887","$9.43","47,429","6","FBA","1","Home & Kitchen","Standard","7.5 x 4 x 12 in","3.21 lb","https://www.amazon.com/dp/B08BJKSW8V"
"","","B000MM79X2","Lipper International Bamboo Wood Tea Box with 8 Compartments, 12-3/8' x 7-3/8' x 3-3/5'","Lipper International","$24.99","135","5","$3,374","10/31/2000","$15.45","4.5","1,129","$9.54","185,047","6","AMZ","5","Home & Kitchen","Standard","7.2 x 3.7 x 12.52 in","2.25 lb","https://www.amazon.com/dp/B000MM79X2"
"","","B09WZ5P61R","Zen Earth Inspired Bamboo Tea Organizer Box Chemical Free Eco-Friendly Big, Tall, Adjustable Cubbies Natural Wooden Storage Chest (6-Slot 11' x 8.1' x 4.2' with TEA print design)","Zen Earth Inspired","$45.99","120","4","$5,519","03/30/2022","","4.7","645","","193,799","6","FBA","1","Home & Kitchen","","","","https://www.amazon.com/dp/B09WZ5P61R"
"","","B0C4GGD1K4","Bamboo Tea Bag Organizer, Tea Storage/Holder with 3-Layer Stacked Design for Teabag, Wooden Station Stand Tea Caddy Box Containers/Racks for Cabinet Countertop Office","Spacnom","$39.99","110","1","$4,399","05/05/2023","$25.76","4.2","24","$14.23","603,100","7","FBA","1","Home & Kitchen","Standard","7.5 x 14.2 x 12.1 in","5.7 lb","https://www.amazon.com/dp/B0C4GGD1K4"
"","","B0B1TRLXZP","MinBoo Bamboo K Cup Holder for Drawer or Countertop Coffee Pod Holder 25-36 K Cup Pod Storage Tea bag organizer K Cup Storage for Coffee Station Home Office and Kitchen (Bamboo)","MinBoo","$23.99","167","5","$4,006","03/23/2022","$14.60","4.5","167","$9.39","47,890","6","FBA","1","Kitchen & Dining","Standard","2.5 x 13.4 x 11.2 in","1.8 lb","https://www.amazon.com/dp/B0B1TRLXZP"
"","","B00K6HSI88","Lipper International 8187 Bamboo Wood and Acrylic Tea Box with 5 Sections, 14' x 5' x 3-3/4'","Lipper International","$21.99","337","9","$7,411","03/25/2014","$13.11","4.6","2,953","$8.88","104,409","6","AMZ","11","Clothing, Shoes & Jewelry","Standard","5 x 13.8 x 3.9 in","1.55 lb","https://www.amazon.com/dp/B00K6HSI88"
"","","B00K6HSHPC","Lipper International Acacia Wood Tea Box with 4 Sections, 12-1/2' x 4-1/8' x 3-7/8'","Lipper International","$28.65","112","2","$3,209","04/16/2014","$19.21","4.7","379","$9.44","308,880","6","AMZ","8","Home & Kitchen","Standard","4.21 x 12.64 x 3.62 in","1.301 lb","https://www.amazon.com/dp/B00K6HSHPC"
"","","B01NCXFU9J","ECBANLI Premium Natural Bamboo Tea Box Storage Organizer With Drawers And Clear Acrylic Window Can Be Used As Collection Room For Countertops, Kitchen, Jewelry, And Other Small Items 3.8 Benefits","ECBANLI","$22.99","53","1","$1,218","01/18/2017","$13.11","4.7","501","$9.88","514,996","6","FBA","1","Home & Kitchen","Standard","8.15 x 13.39 x 4.25 in","3.17 lb","https://www.amazon.com/dp/B01NCXFU9J"
"","","B0BVHQ69KZ","KEVTVEK K Cup Holder Organizer for Drawer or Countertop, 35-70 Coffee pod Holder Organizer, Adjustable K Cup Storage and Tea Bag Organizer for Coffee Station Home Office Bedroom and Kitchen(Bamboo)","KEVTVEK","$29.98","155","6","$4,647","02/10/2023","$18.75","4.3","86","$11.23","46,342","7","FBA","1","Kitchen & Dining","Standard","5 x 10 x 13 in","3.48 lb","https://www.amazon.com/dp/B0BVHQ69KZ"
"","","B0C3TPH3Q8","Kssiaz Coffee Pod Holder Drawer, Bamboo K Cup Holder Compatible with Nespresso Vertuo Capsules, 25-45 K Cup Drawer Organizer for Coffee Station Home Office and Kitchen (Bamboo)","Kssiaz","$30.99","344","12","$10,661","04/27/2023","$20.55","4.6","75","$10.44","22,140","7","FBA","1","Kitchen & Dining","Standard","11.42 x 2.17 x 12.2 in","46.81 oz","https://www.amazon.com/dp/B0C3TPH3Q8"
"","","B088WCT93C","ROYAL CRAFT WOOD Luxury Bamboo Drawer Organizer Storage Box, Bin Set - Multi-Use Drawer Organizer for Kitchen, Bathroom, Office Desk, Makeup, Jewelry (5 Boxes)","ROYAL CRAFT WOOD","$30.97","4,968","151","$153,859","12/31/2023","$15.25","4.8","3,635","$15.72","4,625","7","FBA","1","Clothing, Shoes & Jewelry","Oversize","14.9 x 15.3 x 2.8 in","3.49 lb","https://www.amazon.com/dp/B088WCT93C"
"","","B08LQ9PCWG","Kootek 6 Pcs Bamboo Drawer Organizer with Removable Dividers, Kitchen Drawer Organizer Utensils Bamboo Organizer Storage Box 3-Size Adjustable Cutlery Holders Multi-Use for Office, Bedroom, Bathroom","Kootek","$27.35","229","8","$6,263","10/22/2020","$16.22","4.6","480","$11.13","33,124","6","FBA","3","Kitchen & Dining","Standard","9.45 x 15.47 x 5.63 in","4.231 lb","https://www.amazon.com/dp/B08LQ9PCWG"
"","","B0CKVDHRCY","Lyellfe 2 Pack K Cup Holder for Drawers, Bamboo Tea Bag Organizer with Adjustable Dividers, Silverware Utensil Flatware Tray for Coffee Station Home Office, Kitchen","Lyellfe","$22.99","60","2","$1,379","12/27/2023","","4.5","2","","106,138","","FBA","1","Kitchen & Dining","","","","https://www.amazon.com/dp/B0CKVDHRCY"
"","","B079JQN81N","mDesign Bamboo Tea Storage Organizer Box - 12 Divided Sections, Hinged Lid with Easy View Clear Window Top - Stackable Holder for Tea Bags, Packets, and Other Small Items - Echo Collection - Natural","mDesign","$24.79","60","2","$1,487","02/01/2018","$14.64","4.1","839","$10.15","310,745","7","FBA","1","Home & Kitchen","Standard","9.2 x 14.9 x 3.7 in","2.551 lb","https://www.amazon.com/dp/B079JQN81N"
"","","B0CB582CNG","QILICHZ Tea Bag Holder Bamboo Tea Organizer for Tea Bags Wall Mounted Tea Bags Organizer Tea Holder for Tea Bags Organizer for Table Or Wall","QILICHZ","$21.99","130","3","$2,859","09/25/2023","","4.8","63","","252,574","6","FBA","1","Home & Kitchen","","","","https://www.amazon.com/dp/B0CB582CNG"
"","","B096LL2PJQ","Dicunoy 2 Pack Bamboo Tea Bags Organizer, Wood Coffee Supplies Holder Box, Coffee Condiment Station Storage with 5 Compartments for Sugar Packet, Stirrer, Creamer Singles, Sweetener","Dicunoy","$22.99","60","3","$1,379","06/03/2021","$12.81","4.7","46","$10.18","78,010","7","FBA","1","Kitchen & Dining","Standard","8.228 x 11.024 x 7.244 in","3.128 lb","https://www.amazon.com/dp/B096LL2PJQ"
"","","B0B2P2HB5R","Bamboo Tea Bag Organizer, 3 Tier Vertical Tea Organizer, Tea Holder for Kitchen Island, Coffee Shop Or Office, Tea Storage with 12 Adjustable Partitions (Self-Assembly)","CALM COZY","$19.99","140","1","$2,799","05/29/2022","$10.56","4.2","95","$9.43","564,329","7","FBA","1","Home & Kitchen","Standard","8.504 x 12.874 x 3.386 in","3.684 lb","https://www.amazon.com/dp/B0B2P2HB5R"
"","","B0BW42SLHM","SOUJOY Bamboo Drawer Organizer for Coffee Pod, K Cup Organizer for Counter, Tea Bag Storage Organizer with Drawer and Side Storage Box for Kitchen Office Coffee Bar","SOUJOY","$38.99","284","5","$11,073","02/16/2023","$25.51","4.5","48","$13.48","54,015","6","FBA","1","Kitchen & Dining","Standard","11.8 x 4.2 x 16.1 in","8 lb","https://www.amazon.com/dp/B0BW42SLHM"
"","","B0C9SX788T","KMOTASUO Bamboo Tea Bag Organizer with Acrylic Coffee Pods Holder, Tea Storage Holder Box for Tea Bags Organizer, Tea Caddy Station Containers for Countertop Cabinet Office","KMOTASUO","$34.99","50","2","$1,750","08/21/2023","","4.6","17","","310,992","7","FBA","1","Home & Kitchen","","","","https://www.amazon.com/dp/B0C9SX788T"
"","","B0B8LWNW8F","Tea Bag Holder, Tea Bag Storage Organizer, Tea Candy Basket, Sugar Packet Organizer, Coffee Station Condiment Organizer","XIMISISE","$16.90","180","4","$3,042","08/03/2022","","4.9","74","","218,680","7","FBA","1","Home & Kitchen","","","","https://www.amazon.com/dp/B0B8LWNW8F"
"","","B0C5C85VQZ","GHIAKQYT Tea Bag Organizer, Bamboo Tea Organizer for Tea Bags, 2-Tier Tea Bag Holder Organizer, Tea Holder for Tea Bags Organizer for Countertop, 6 Compartments","GHIAKQYT","$24.98","60","2","$1,499","11/12/2023","","5","2","","396,042","6","FBA","1","Home & Kitchen","","","","https://www.amazon.com/dp/B0C5C85VQZ"
"","","B09PNH242P","SOUJOY Bamboo K Cup Holder, 2-Tier Coffee Pod Storage Organizer Drawer for Counter, 9 Dividers Tea Bag Storage Box for for Kitchen Office Break Rooms Coffee Bar","SOUJOY","$32.99","77","2","$2,540","05/08/2022","$18.91","4.5","73","$14.08","98,047","6","FBA","1","Kitchen & Dining","Standard","13.86 x 14.45 x 7.95 in","12.02 lb","https://www.amazon.com/dp/B09PNH242P"
"","","B0757299HQ","cookbook people Multikeep Adjustable Tea Box 128 Tea Bag Storage Organizer Bamboo Latching Lid (Blank Lid)","cookbook people","$34.99","321","7","$11,232","08/28/2017","$24.21","4.3","425","$10.78","119,727","6","FBA","1","Home & Kitchen","Standard","7.8 x 3.86 x 12.8 in","2.56 lb","https://www.amazon.com/dp/B0757299HQ"
"","","B0BL71NDYR","ZOOFOX Tea Bag Organizer, Bamboo Tea Bag Storage Holder with 12 Compartments for Tea Bag, Coffee, Sugar, Sweeteners, Coffee Pod, 3 Tire Stackable Tea Bag Container for Countertop, Pantry, Cabinets","ZOOFOX","$27.99","","","$0.00","11/01/2022","","3.8","11","","903,960","7","FBA","1","Home & Kitchen","","","","https://www.amazon.com/dp/B0BL71NDYR"
"","","B09BGRTX4V","Bamboo Storage Bin - Multipurpose Open Front Stacking Bins for Kitchen & Pantry - Configurable as 2 Tier Bamboo Fruit Basket on Countertop  Ideal for Vegetables, Potato and Onion Storage Bin","altCooking Hub","$36.88","284","10","$10,474","07/28/2021","$19.75","4.5","333","$17.13","26,685","6","FBA","3","Kitchen & Dining","Oversize","12 x 9 x 10 in","3.96 lb","https://www.amazon.com/dp/B09BGRTX4V"
"","","B0CHRMX6QZ","Tea Holder for Tea Bags Organizer - White Bamboo Tea Organizer for Tea Bags 3-Tier Stackable Wall Mount Large Capacity Tea Storage Box to Pantry Countertop Kitchen Office","Wisuce","$41.99","149","4","$6,257","09/10/2023","","4.2","14","","211,137","6","FBA","1","Home & Kitchen","","","","https://www.amazon.com/dp/B0CHRMX6QZ"
"","","B0C6PJ1NRD","Purcion Bamboo Tea Bag Organizer, 3 Layer Stackable Tea Bag Storage Holder Solid Wood Tea Organizer with Removable Acrylic Divider Stores Over 360 Tea Bags for Cabinet Countertop Office Kitchen","Puricon","$29.99","30","1","$899.70","09/19/2023","","3.7","52","","573,948","6","FBA","1","Home & Kitchen","","","","https://www.amazon.com/dp/B0C6PJ1NRD"
"","","B08T5J8LJ3","Beyond Your Thoughts Bamboo Tea Box Father's Day Gift Tea Chest Adjustable 16 Compartments Tea Storage Holder Organizer with Latching Lid Leaves","Beyond Your Thoughts","$32.99","150","5","$4,949","04/16/2021","$22.21","4.5","331","$10.78","185,989","6","FBA","1","Home & Kitchen","Standard","9.252 x 13.661 x 4.37 in","3.047 lb","https://www.amazon.com/dp/B08T5J8LJ3"
"","","B09V2TZZQQ","Tea Bag Organizer, Tea Bag Storage Holder Spinning Carousel 96 Teabags Container, Lazy Susan Coffee Creamer Sweetener Tea Caddy for Kitchen Counter Cabinet Pantry Shelf Organizer","VOGWOLTH","$26.99","560","15","$15,114","03/07/2022","$17.15","4.8","512","$9.84","62,511","6","FBA","4","Home & Kitchen","Standard","6.14 x 9.57 x 6.06 in","2.07 lb","https://www.amazon.com/dp/B09V2TZZQQ"