"Export time:  1/30/2024, 5:17:10 PM","","ASIN","Product Name","Brand","Price","Monthly Units Sold","Daily Units Sold","Monthly Revenue","Date First Available","Net Revenue","Star Rating","Reviews","Amazon Fees","BSR","LQS","Seller Type","Sellers","Category","Product Tier","Dimensions","Weight","Link"
"","","B0B4G4X43M","HAIXIN Storage Bins with Lids, Collapsible Storage Bins, Wardrobe Closet Organizer, 19 Gal Stackable Toy Storage, Foldable Plastic Storage Container with Door, Crate for Book Storage (3 Pack)","HAIXIN","$199.99","8,624","254","$1.72M","07/28/2022","$106.22","4.5","3,496","$93.77","2,131","6","FBA","2","Home & Kitchen","Oversize","15 x 43 x 25 in","14 lb","https://www.amazon.com/dp/B0B4G4X43M"
"storage bins with lids large","","B0BLY6M4CF","Rubbermaid Cleverstore Clear Holiday 71 Qt Bins with Tray Inserts, Built-In Handles to Maximize Storage, Great for Holiday Decor, Clear Base, Red Lid with Green Tray, Pack of 4","Rubbermaid","$129.99","9,540","318","$1.24M","11/08/2022","","4.3","15,509","","1,493","6","AMZ","2","Home & Kitchen","","","","https://www.amazon.com/dp/B0BLY6M4CF"
"Average Monthly Sales: 3,534","","B07KBJ46LK","Rubbermaid Roughneck Storage Totes, Durable Stackable Containers, Great for Garage Storage, Moving Boxes, and More, 18 Gal - 6 Pack","Rubbermaid","$114.41","6,915","208","$791,145","11/07/2018","$43.60","4.6","9,194","$70.81","2,895","7","AMZ","11","Home & Kitchen","Oversize","24.4 x 32.6 x 16.3 in","29.701 lb","https://www.amazon.com/dp/B07KBJ46LK"
"Average Revenue: $276,182","","B0CDFDYL2N","Blushbees Oxford Fabric Collapsible Storage Boxes for Clothes/Quilts/Linen with Metal Supports (PACK OF 4 BOXES - LARGE SIZE 201615 INCH)","Blushbees","$69.99","900","30","$62,991","07/09/2022","","4.7","235","","31,149","7","FBA","1","Home & Kitchen","","","","https://www.amazon.com/dp/B0CDFDYL2N"
"Average Price: $72.82","","B0BRDVLPKB","IRIS USA 72 Quart Stackable Plastic Storage Bins with Lids and Latching Buckles, 4 Pack - Clear, Containers with Lids and Latches, Durable Nestable Closet, Garage, Totes, Tubs Boxes Organizing","IRIS","$64.99","28,115","865","$1.83M","12/29/2022","","4.1","26,290","","233","7","AMZ","6","Home & Kitchen","","","","https://www.amazon.com/dp/B0BRDVLPKB"
"Average No. of Ratings: 3,085","","B0CNCXSTFD","Cetomo Plastic Storage Bin Box Organizing Container with Lid and Secure Latching Buckles, Clear, 72Qt x 4, Pack of 4","Cetomo","$59.90","490","17","$29,351","11/14/2023","","4.5","32","","53,696","7","AMZ","1","Home & Kitchen","","","","https://www.amazon.com/dp/B0CNCXSTFD"
"Average Sales Rank: 57,100","","B0CN49H9BZ","Cetomo 40Qt*4 Plastic Storage Bins, Clear Lidded Storage Box with Wheels, Stackable, 40Quart, Set of 4","Cetomo","$45.90","1,283","69","$58,890","11/10/2023","","5","4","","12,371","6","AMZ","1","Home & Kitchen","","","","https://www.amazon.com/dp/B0CN49H9BZ"
"Average Rating Number: 4.4","","B0B2R2XXN2","Sineda 3 Pack Storage Bins with Lids - 8.4 Gallon Collapsible Storage Bins with Wheels and Door, Stackable Storage Bins for Clothing, Blankets, Books, Bedding and Toys.(8.4Gal - 3Pack, Green)","Sineda","$109.95","2,500","57","$274,875","10/09/2022","","4.6","759","","15,499","7","FBA","2","Home & Kitchen","","","","https://www.amazon.com/dp/B0B2R2XXN2"
"","","B09B739XJD","GRANNY SAYS Storage Baskets with Metal Frame, Closet Shelf Organizer and Storage Bins Large, Closet Storage Baskets, Decorative Clothes Storage Bins for Organizing Shelves, Yellow White, 2-Pack","GRANNY SAYS","$19.99","2,418","65","$48,336","06/10/2022","$5.01","4.7","1,322","$14.98","13,382","6","FBA","1","Home & Kitchen","Oversize","10.24 x 8.27 x 14.57 in","2.4 lb","https://www.amazon.com/dp/B09B739XJD"
"","","B0B65Z15CN","Blushbees Oxford Fabric Collapsible Storage Boxes for Clothes/Quilts/Linen with Metal Supports (PACK OF 4 BOXES - LARGE SIZE 201615 INCH)","Blushbees","$69.99","719","30","$50,323","07/09/2022","","4.7","235","","31,149","7","FBA","2","Home & Kitchen","","17 x 3 x 21 in","","https://www.amazon.com/dp/B0B65Z15CN"
"","","B09YDNZPHY","GRANNY SAYS Fabric Bins with Lids, Storage Baskets for Closet Organization, Decorative Storage Containers with Label Holder, Shelf Bins for Organizing Clothes, Dark Gray, 3-Pack","GRANNY SAYS","$29.99","1,830","61","$54,882","04/19/2022","$18.46","4.6","8,069","$11.53","14,235","6","FBA","1","Home & Kitchen","Standard","12.598 x 16.654 x 3.543 in","5.895 lb","https://www.amazon.com/dp/B09YDNZPHY"
"","","B071WVTJDB","StorageWorks Storage Boxes with Lids, Closet Organizers and Storage Bin with Soft Rope Handles, Mixing of Beige, White & Ivory, Medium, 3-Pack","StorageWorks","$31.99","1,446","46","$46,258","06/06/2017","$20.46","4.7","4,904","$11.53","19,792","6","FBA","2","Home & Kitchen","Standard","10.51 x 12.99 x 4.02 in","4.559 lb","https://www.amazon.com/dp/B071WVTJDB"
"","","B00KL7VM7W","Sterilite 15 Gal Industrial Tote, Stackable Storage Bin with Latching Lid, Plastic Container with Heavy Duty Latches, Black Base and Lid, 6-Pack","Sterilite","$75.96","2,495","71","$189,520","05/20/2014","$14.00","4.7","2,043","$61.96","12,035","5","AMZ","5","Home & Kitchen","Oversize","25.9 x 25.9 x 17.9 in","29.599 lb","https://www.amazon.com/dp/B00KL7VM7W"
"","","B0CN49Z449","Cetomo 40Qt*4 Plastic Storage Bins, Lidded Tote Storage Box with Handle, Stackable, Clear, 40Quart, 4 Pack","Cetomo","$45.90","1,230","41","$56,457","","","5","1","","22,436","","AMZ","","Home & Kitchen","","","","https://www.amazon.com/dp/B0CN49Z449"
"","","B08KD1M8DZ","IRIS USA 72 Quart Stackable Plastic Storage Bins with Lids and Latching Buckles, 4 Pack - Pearl, Containers with Lids and Latches, Durable Nestable Closet, Garage, Totes, Tubs Boxes Organizing","IRIS","$70.19","11,806","538","$828,663","09/28/2020","$27.16","4.4","27,422","$43.03","593","7","AMZ","8","Home & Kitchen","Oversize","19 x 26 x 17.5 in","15.651 lb","https://www.amazon.com/dp/B08KD1M8DZ"
"","","B0B67PCFLQ","23Qt Plastic Storage Bins Organizer 3 Tier, Stackable Storage Boxes with Lids, Storage Containers for Bedroom Living Room Kitchen Study Office, Folding Storage Boxes","CTSNSLH","$32.99","9,442","314","$311,492","08/24/2022","","4.5","1,869","","1,523","7","FBA","11","Home & Kitchen","","","","https://www.amazon.com/dp/B0B67PCFLQ"
"","","B08Q7KMQH1","StorageWorks 55L Closet Storage Organizer With Handles, Canvas Basket With Lid, Double-Open Lid, Gray and White Stripes, Extra Large","StorageWorks","$26.99","1,359","33","$36,679","12/09/2020","$16.21","4.7","1,259","$10.78","27,973","6","FBA","2","Home & Kitchen","Standard","13.2 x 17.13 x 2 in","4.453 lb","https://www.amazon.com/dp/B08Q7KMQH1"
"","","B0CLNWWW35","Set of 2 Large Storage Bin with Lid, Sturdy Linen Foldable Storage Bins for Organizing, 17x12x8.8', Clothes Storage Containers, Organizer Box for Clothing, Sweater, Sheet, Office, Wardrobe, Car","Fordonral","$21.99","20","1","$439.80","10/23/2023","","4.6","8","","107,357","7","FBA","1","Office Products","","","","https://www.amazon.com/dp/B0CLNWWW35"
"","","B08R7T4M84","GRANNY SAYS Large Storage Bins with Lids, Shelf Basket, Canvas Decorative Storage Container for Wardrobe Closet Shelves, Bins for Closet Organization Storage Box, White/Black, 1-Pack","GRANNY SAYS","$23.99","535","14","$12,835","12/22/2020","$1.04","4.5","1,870","$22.95","65,841","6","FBA","1","Home & Kitchen","Oversize","16.2 x 10.4 x 22.8 in","3 lb","https://www.amazon.com/dp/B08R7T4M84"
"","","B0B7P6GYR6","Rubbermaid Roughneck Clear 66 Qt/16.5 Gal Storage Containers, Pack of 4 with Latching Grey Lids, Visible Base, Sturdy and Stackable, Great for Storage and Organization","Rubbermaid","$104.99","2,436","51","$255,756","07/25/2022","$43.07","4.2","1,002","$61.92","17,434","7","AMZ","10","Home & Kitchen","Oversize","24.2 x 27.2 x 16.25 in","18.999 lb","https://www.amazon.com/dp/B0B7P6GYR6"
"","","B0C4LXBJ2B","OLLIC Plastic Bins Large Storage with Lids | Korean Organizer Bin Basket Set for Organizing Baskets in Closet and Home (Gray, Large 4PK)","OLLIC","$47.99","450","15","$21,596","09/18/2023","","4.5","38","","60,121","6","FBA","1","Home & Kitchen","","","","https://www.amazon.com/dp/B0C4LXBJ2B"
"","","B07XZW6MW9","IRIS USA 31 Gallon Utility Totes with Easy-Grip Handles, 4 Pack - Black, Heavy-Duty Durable Stackable Storage Containers, Large Garage Organizing Bins Moving Tubs, Rugged Sturdy Camping Equipment","IRIS","$99.99","9,450","205","$944,906","09/16/2019","$21.22","4.3","4,537","$78.77","2,955","7","AMZ","6","Home & Kitchen","Oversize","26.9 x 34.6 x 17.4 in","33.751 lb","https://www.amazon.com/dp/B07XZW6MW9"
"","","B0CBPGPDTN","SOLEDI Stackable and Collapsible Storage Bins with Wheels - Large Storage Bins with Lids 10 Gal, Christmas storage, Closet organizers and storage, Pantry organization - Bathroom, Bedroom Storage","SOLEDI","$29.98","50","1","$1,499","12/19/2023","$8.94","5","1","$21.04","588,214","7","FBA","1","Home & Kitchen","Oversize","12.4 x 11.8 x 19.5 in","5.54 lb","https://www.amazon.com/dp/B0CBPGPDTN"
"","","B09RJ9DY2C","Triluby Foldable Kids Toy Chest with Lid, Baby Toy Box, Large Toy Storage Bin/Organizer/Basket/Trunk for Boys, Girls, Toddler and Baby Nursery Room (Gray Hedgehog)","Triluby","$26.99","102","3","$2,753","04/22/2022","","4.8","468","","22,782","7","FBA","1","Baby","","","","https://www.amazon.com/dp/B09RJ9DY2C"
"","","B0CC6MQ73N","Vilucks Large Toy Box Chest, Collapsible Toy Storage Bins with Lids, Foldable Toys Storage Boxes Bins Baskets for Kids, Boys, Girls, Nursery Room, Playroom, Closet, (Grid)","Vilucks","$34.99","23","1","$804.77","07/17/2023","","4.8","21","","37,014","7","FBA","1","Baby","","","","https://www.amazon.com/dp/B0CC6MQ73N"
"","","B0CKMKLPMC","76L Large Under Bed Storage Containers with Wheels, 2 Pack Stackable Underbed Storage Bins with Lids Collapsible Plastic Storage Drawer for Clothing Blanket Shoe Organizer Bedroom Organization Dorm","MAMBAKOTR","$99.99","150","5","$14,999","","","4.8","13","","184,734","","FBA","","Home & Kitchen","","","","https://www.amazon.com/dp/B0CKMKLPMC"
"","","B001RCUNK2","Sterilite 116 Qt Ultra Latch Box, Stackable Storage Bin with Lid, Plastic Container with Heavy Duty Latches to Organize, Clear and White Lid, 4-Pack","Sterilite","$99.99","11,229","389","$1.12M","02/12/2009","$26.06","4.6","10,208","$73.93","1,062","6","AMZ","10","Home & Kitchen","Oversize","21 x 20 x 35 in","32 lb","https://www.amazon.com/dp/B001RCUNK2"
"","","B09TFVV1QB","ClearSpace X-Large Plastic Storage Bins With Lids - Perfect for Kitchen, Pantry, Fridge Organization and Storage","ClearSpace","$54.99","2,204","66","$121,198","02/24/2022","$37.01","4.6","1,641","$17.98","3,777","6","FBA","2","Kitchen & Dining","Standard","14 x 18 x 8 in","9.149 lb","https://www.amazon.com/dp/B09TFVV1QB"
"","","B0CBMLM355","Shelime 5-Pack 23 Gallon Foldable Stackable Storage Bins with Lids Doors and Wheels  Large Collapsible Storage Boxes for Closet Organizers Toys Clothes and Books","Shelime","$159.99","1,561","20","$249,744","09/05/2023","","4.5","65","","47,859","7","FBA","1","Home & Kitchen","","","","https://www.amazon.com/dp/B0CBMLM355"
"","","B06XHJXN8N","StorageWorks Storage Bins with Lids, Decorative Storage Boxes with Lids and Soft Rope Handles, Mixing of Beige, White & Ivory, Large, 3-Pack","StorageWorks","$37.99","1,468","46","$55,769","06/09/2017","$24.36","4.7","4,904","$13.63","19,792","6","FBA","3","Home & Kitchen","Standard","10.25 x 8 x 14.75 in","4 lb","https://www.amazon.com/dp/B06XHJXN8N"
"","","B0CNK16M72","Spaclear Stackable Storage Bins with Lids, 4 Pack Plastic Drawer Storage Containers for Organizing, Collapsible Clothes Craft Organizers and Storage, Foldable Storage Box for Bedroom Kitchen (5.8Gal)","Spaclear","$43.99","1,110","37","$48,829","12/31/2023","","4.4","119","","24,804","","FBA","1","Home & Kitchen","","","","https://www.amazon.com/dp/B0CNK16M72"
"","","B0CL9KWZ7M","AHEONLAR 4 Pack Storage Bins with Lid - 11.8 Gal Foldable Stackable Storage Bins with Drawers - Closet Organizer and Storage Box - Plastic Drawer Storage for Bedroom Study Toy Room Office","AHEONLAR","$99.99","3,435","121","$343,466","10/17/2023","$67.69","3.9","105","$32.30","6,156","7","FBA","1","Home & Kitchen","Oversize","13.2 x 11.8 x 20.2 in","12.6 lb","https://www.amazon.com/dp/B0CL9KWZ7M"
"","","B001RCUNJ8","Sterilite 70 Qt Ultra Latch Box, Stackable Storage Bin with Lid, Plastic Container with Heavy Duty Latches To Organize, Clear and White Lid, 4-Pack","Sterilite","$77.20","11,082","389","$855,530","02/12/2009","$41.10","4.6","10,208","$36.10","1,062","4","FBM","5","Home & Kitchen","Oversize","16.25 x 13.5 x 26.25 in","5.25 lb","https://www.amazon.com/dp/B001RCUNJ8"
"","","B07PR9NM54","Rubbermaid Cleverstore 95 Quart Clear Stackable Large Plastic Storage Containers with Lids for Office and Home Organization, Clear (4 Pack)","Rubbermaid","$101.99","16,262","346","$1.66M","03/17/2019","$42.28","4.3","15,506","$59.71","1,297","7","AMZ","18","Home & Kitchen","Oversize","19 x 28.8 x 18.4 in","21.301 lb","https://www.amazon.com/dp/B07PR9NM54"
"","","B0CJFJWNNH","YheenLf Storage Bins with Lids, Fabric Storage Boxes, Storage Organizer Container with Handles, Collapsible Storage Cube for Organizing, Grey, 1-Pack, 13x9.1x5.5in","YheenLf","$9.99","300","10","$2,997","12/22/2023","","4.7","10","","91,869","","FBA","1","Home & Kitchen","","","","https://www.amazon.com/dp/B0CJFJWNNH"
"","","B0BVQ69QJD","WYT Clear Storage Latch Bins, 6-Pack Storage Organizer Box with Handle and Lids, 5-Litre","WYT","$23.99","5,810","171","$139,382","08/17/2020","","4.2","656","","3,864","6","FBA","1","Home & Kitchen","","","","https://www.amazon.com/dp/B0BVQ69QJD"
"","","B0C9LT7KST","Collapsible Storage Bins with Lids, Plastic Stackable Storage Bins, Folding Storage Box, Large Storage Bins with Wheels, Foldable Storage Box for Office, School, Home Storage(22.8gal, Brown - 4Pack)","Dimmeda","$179.99","279","5","$50,217","06/27/2023","","4.3","39","","158,680","7","FBA","1","Home & Kitchen","","","","https://www.amazon.com/dp/B0C9LT7KST"
"","","B0CDXCK78J","Soaoo 8 Pack Plastic Storage Bins with Lid, Giant 24 Gallon (96 Quart) Holiday Storage Totes with Latching Lids in Green Base and Red Lids, Plastic Reusable Ornament Storage Heavy Duty Container","Soaoo","$170.99","60","2","$10,259","08/06/2023","","2","4","","357,145","7","FBA","1","Home & Kitchen","","","","https://www.amazon.com/dp/B0CDXCK78J"
"","","B0BZPJ7828","ZIJUND 14 Pack Fridge Organizer, Stackable Refrigerator Organizer Bins with Lids, BPA-Free Fridge Organizers and Storage Containers for Fruit, Vegetable, Food, Drinks, Cereals, Clear","ZIJUND","$35.99","1,703","50","$61,291","03/26/2023","$22.66","4.4","394","$13.33","5,187","7","FBA","5","Kitchen & Dining","Standard","12.56 x 4.69 x 16.69 in","8.71 lb","https://www.amazon.com/dp/B0BZPJ7828"
"","","B08NB2S5QS","Univivi Foldable Storage Bins [4-Pack] Fabric Storage Boxes with Lids Large Storage Bins with Lids for Shelves, Bedroom, Home (Gray, 17 x 12 x 12')","Univivi","$39.99","3,348","17","$133,887","12/22/2020","$30.22","4.6","1,645","$9.77","54,688","6","FBA","1","Home & Kitchen","Standard","6.7 x 2.3 x 10.2 in","0.4 lb","https://www.amazon.com/dp/B08NB2S5QS"
"","","B002BA5F52","Sterilite 18 Qt Ultra Latch Box, Stackable Storage Bin with Lid, Plastic Container with Heavy Duty Latches to Organize, Clear and White Lid, 6-Pack","Sterilite","$42.49","10,906","386","$463,396","06/16/2009","$15.02","4.6","10,204","$27.47","1,074","7","AMZ","9","Home & Kitchen","Oversize","18.5 x 19.5 x 12.6 in","12 lb","https://www.amazon.com/dp/B002BA5F52"
"","","B0BZCZ9FC3","Storage Bins with Lids,78 Quart Plastic White Closet Organizers and Storage,4 Packs Stackable Bins with Wheels,Dual Open Collapsible Storage Bins for Home and Office","KHNR","$128.33","4,016","119","$515,373","05/05/2023","","4.4","354","","6,295","7","FBA","3","Home & Kitchen","","","","https://www.amazon.com/dp/B0BZCZ9FC3"
"","","B0B6HSLRTX","BlissTotes Large Moving Boxes and with Zippers & Handles Moving Supplies with lids, Heavy Duty Totes for Storage Bags for Space Saving, Fold Flat, Moving and Storing 93L, 6 Pack","BlissTotes","$29.99","9,300","233","$278,907","07/13/2022","$1.35","4.3","2,698","$28.64","2,438","6","FBA","4","Home & Kitchen","Oversize","14.17 x 13.98 x 28.74 in","4 lb","https://www.amazon.com/dp/B0B6HSLRTX"
"","","B0CNCVXWJJ","Cetomo Plastic Storage Bin Box Stackable and Nestable with Lid and Secure Latching Buckles, Clear, 18Qt x 4, Pack of 4","Cetomo","$21.90","330","11","$7,227","11/14/2023","","5","4","","81,977","7","AMZ","1","Home & Kitchen","","","","https://www.amazon.com/dp/B0CNCVXWJJ"
"","","B09WXZML8Q","Graciadeco Large 17' 36 Quart Collapsible Stackable Storage Bins with Lids, 5 Packs Beige Foldable Fabric Closet Storage Boxes with Lids, 4 Handles Heavy-duty Linen Cube Baskets(17x12x11)","Graciadeco","$65.99","3,538","105","$233,473","03/30/2022","$45.46","4.7","718","$20.53","7,406","7","FBA","1","Home & Kitchen","Standard","13.15 x 17.677 x 7.402 in","17.346 lb","https://www.amazon.com/dp/B09WXZML8Q"
"","","B002BA5F5C","Sterilite 30 Qt Ultra Latch Box, Stackable Storage Bin with Lid, Plastic Container with Heavy Duty Latches to Organize, Clear and White Lid, 6-Pack","Sterilite","$47.77","11,024","386","$526,616","06/16/2009","$16.46","4.6","10,204","$31.31","1,074","5","AMZ","13","Home & Kitchen","Oversize","18.504 x 24.016 x 12.598 in","15.388 lb","https://www.amazon.com/dp/B002BA5F5C"
"","","B084GW9MQR","IRIS USA 103 Quart WEATHERPRO Plastic Storage Box with Durable Lid and Seal and Secure Latching Buckles, Weathertight, Clear with Black Buckles, 2 Pack","IRIS","$85.49","4,125","123","$352,646","02/02/2020","$26.94","4.3","3,005","$58.55","6,069","7","AMZ","4","Home & Kitchen","Oversize","18.13 x 23.19 x 25 in","16.25 lb","https://www.amazon.com/dp/B084GW9MQR"
"","","B0CC21BHRM","Closet Organizers and Storage - Storage Bins with Lids & Wheels 8.4 Gal, Collapsible Stackable Storage Bins, Trunk Organizer Folding Storage Box for Office, Home, Dorm Room Essentials, 4 Pack","Ohmlove","$121.99","430","7","$52,456","08/21/2023","","4.6","85","","131,334","7","FBA","1","Home & Kitchen","","","","https://www.amazon.com/dp/B0CC21BHRM"
"","","B0BZ3VRFMY","Yishyfier Plastic Storage Baskets With Lid Organizing Container Lidded Knit Storage Organizer Bins for Shelves Drawers Desktop Closet Playroom Classroom Office (4XL+2L, Light grey)","Yishyfier","$79.99","983","","","03/20/2023","","4.4","69","","40,871","6","FBA","1","Home & Kitchen","","","","https://www.amazon.com/dp/B0BZ3VRFMY"
"","","B09WQTR4ZK","Citylife 64L Collapsible Storage Bins with Lids Plastic Storage Containers for Organizing Stackable Storage Box Large Heavy Duty Utility Crates, 2 Packs","ITYLIFE CITYLIFE","$49.97","690","24","$34,479","06/09/2022","$29.35","4.5","257","$20.62","38,842","6","FBA","2","Home & Kitchen","Oversize","16.06 x 23.52 x 4.41 in","11.001 lb","https://www.amazon.com/dp/B09WQTR4ZK"
"","","B0CHK28QV6","villertech Stackable Storage Bins 60 Qt, Collapsible Storage Bins with Lids and Doors, Open Front Folding Storage Box with Wheels Plastic Storage Containers Closet Organizers Living Room Beige(3 Tier)","villertech","$119.99","419","10","$50,276","10/30/2023","","4.3","61","","95,030","6","FBA","1","Home & Kitchen","","","","https://www.amazon.com/dp/B0CHK28QV6"
"","","B0CFV1J4B9","BlissTotes Moving Bags, 8-Pack Storage Bags with Zipper, Moving Bags Heavy Duty Extra Large, Moving Supplies, Clear Packing Bags, Reinforced Handles and Tag Pocket & Collapsible Moving Bags (93L)","BlissTotes","$26.99","4,335","123","$117,002","11/06/2023","$-1.58","4.6","96","$28.57","6,064","6","FBA","1","Home & Kitchen","Oversize","14.2 x 14 x 28.7 in","3.94 lb","https://www.amazon.com/dp/B0CFV1J4B9"
"","","B0BC929VBB","Karramlili Stackable Storage Bins With Lids,Collapsible Closet Organizers and Storage,Foldable Box with Wheels Containers for Home Kitchen Office Storage(3 Pack, 8.5Gal)","Karramlili","$108.99","494","10","$53,841","08/28/2022","","4.4","579","","87,392","7","FBA","3","Home & Kitchen","","","","https://www.amazon.com/dp/B0BC929VBB"
"","","B0CFX9FLWW","Suzile 6 Pcs Christmas Plastic Storage Containers Bins with Lids 72 Qt Stackable Organizing Tote Xmas Storage Box with Secure Lid and Latching Buckles for Holiday Decor Daily Use (Green)","Suzile","$59.99","120","4","$7,199","08/16/2023","","2","1","","192,383","7","FBA","1","Home & Kitchen","","","","https://www.amazon.com/dp/B0CFX9FLWW"
"","","B0CPY4TLP7","ZEXALOR 8 Pcs Storage Bins with Lids, Multi-Size Stackable Plastic Storage Containers for Organizing, Organizer Bins Shelf Baskets for Pantry Cabinet Shelves Desktop Freezer Drawer Organization","ZEXALOR","$39.99","156","4","$6,238","12/10/2023","","","","","199,621","6","FBA","1","Home & Kitchen","","","","https://www.amazon.com/dp/B0CPY4TLP7"
"","","B0CFV73LH4","Vanpopubs 4 Pack 76 Quart Collapsible Storage Bins with Open Front Door, Stackable Storage Bins with Lid for Closet Organizers and Storage, Plastic Foldable Cabinets for Home","Vanpopubs","$179.99","360","12","$64,796","08/15/2023","","4.5","97","","75,243","7","FBA","1","Home & Kitchen","","","","https://www.amazon.com/dp/B0CFV73LH4"
"","","B0BPLSSL75","Storage Bins with Lids - Plastic Storage Bins for Closet Organizers and Storage, Folding Storage Box, Stackable Storage Bins with Open Front Door, Collapsible Storage Bins(4 Packs 8.5 Gallons)","SIRIRIC","$149.99","408","23","$61,196","12/08/2022","","4.5","449","","40,256","7","FBA","2","Home & Kitchen","","","","https://www.amazon.com/dp/B0BPLSSL75"
"","","B0CB643MKB","HoneySky Plastic Storage Bins Organizer, 15.35'11.0032.87, White Plus Light Brown","HoneySky","$55.99","8,362","320","$468,188","07/04/2023","$23.83","4.3","260","$32.16","1,476","7","FBA","10","Home & Kitchen","Oversize","11 x 32.87 x 15.35 in","7.96 lb","https://www.amazon.com/dp/B0CB643MKB"
"","","B087P9WCPS","GRANNY SAYS Fabric Storage Bin with Lid, Decorative Storage Box for Shelves, Container Storage Basket Organizer, Cloth Storage Bins with Lids for Organizing, Jumbo, Gray, 1-Pack","GRANNY SAYS","$25.99","492","14","$12,787","04/25/2020","$15.36","4.5","1,870","$10.63","65,841","6","FBA","1","Home & Kitchen","Standard","11.9 x 16.8 x 2.2 in","4.84 lb","https://www.amazon.com/dp/B087P9WCPS"
"","","B07K56L5JP","IRIS USA 53 Quart Stackable Plastic Storage Bins with Lids and Latching Buckles, 6 Pack - Black, Containers with Lids and Latches, Durable Nestable Closet, Garage, Totes, Tubs Boxes Organizing","IRIS","$99.99","798","27","$79,792","11/01/2018","$53.63","4.1","3,203","$46.36","35,009","7","AMZ","4","Home & Kitchen","Oversize","21.14 x 22.6 x 17.2 in","21.85 lb","https://www.amazon.com/dp/B07K56L5JP"
"","","B0CMCWPQ4W","Wenqik 6 Pack Colorful Plastic Storage Bins with Lids 4 Quart Small Storage Latch Box Stackable and Nestable Clear Storage Organizer Bins with Latching Handle and Buckle for Organizing(Colorful)","Wenqik","$30.99","400","11","$12,396","11/01/2023","","4.7","5","","80,560","7","FBA","1","Home & Kitchen","","","","https://www.amazon.com/dp/B0CMCWPQ4W"
"","","B0CDXZ4S88","Office Depot Brand by Greenmade Professional Storage Totes, 12-Gallon, Black/Yellow","Office Depot","$23.99","120","4","$2,879","11/08/2021","$2.97","4.6","32","$21.02","201,451","5","","1","Home & Kitchen","Oversize","15 x 14.5 x 20.3 in","4.1 lb","https://www.amazon.com/dp/B0CDXZ4S88"
"","","B098FM1GN2","Office Depot Brand by GreenMade Instaview Storage Container With Latch Handles/Snap Lids, 45 Qt, 16-1/2' x 15-3/4' x 21-1/2', Clear, Pack Of 4","Office Depot","$23.99","439","8","$10,532","06/30/2021","$-6.92","4.2","99","$30.91","107,968","4","FBM","1","Home & Kitchen","Oversize","15.5 x 16 x 21.5 in","13.46 lb","https://www.amazon.com/dp/B098FM1GN2"
"","","B0C13W7WGW","Kmiectse Large Storage Bin with Lid 4 Pack 【Stackable & Sturdy】 Plastic Bins for Storage, Folding Storage Bins for Bedroom, Living Room, Toy Room, 102 QT Folding Box with Magnetic door","Kmiectse","$149.99","3,889","94","$583,311","05/24/2023","","4.7","869","","8,532","7","FBA","1","Home & Kitchen","","","","https://www.amazon.com/dp/B0C13W7WGW"
"","","B0CG5WFNMK","Corbyles Storage Bins with Lids 4 Pack - 36GAL Stackable Storage Bins for Closet Organizers, Large Capacity Collapsible Storage Box with Doors and Wheels for Bedroom Kitchen Office Dorm","Corbyles","$142.99","305","7","$43,612","08/20/2023","$88.28","4.7","64","$54.71","120,687","","FBA","2","Home & Kitchen","Oversize","19.29 x 16.14 x 28.74 in","39.5 lb","https://www.amazon.com/dp/B0CG5WFNMK"
"","","B09NP3Q2L7","IRIS USA 53 Quart Stackable Plastic Storage Bins with Lids and Latching Buckles, 4 Pack - Clear, Containers with Lids and Latches, Durable Nestable Closet, Garage, Totes, Tubs Boxes Organizing","IRIS","$64.99","2,644","105","$171,834","12/14/2021","$27.68","4.1","9,151","$37.31","7,443","7","AMZ","5","Home & Kitchen","Oversize","17 x 18.38 x 21.81 in","14.18 lb","https://www.amazon.com/dp/B09NP3Q2L7"