"Export time:  1/29/2024, 11:59:54 PM","","ASIN","Product Name","Brand","Price","Monthly Units Sold","Daily Units Sold","Monthly Revenue","Date First Available","Net Revenue","Star Rating","Reviews","Amazon Fees","BSR","LQS","Seller Type","Sellers","Category","Product Tier","Dimensions","Weight","Link"
"","","B07KYSDN7W","Amazon Basics Tritan Locking Food Storage Container, 10 Pieces, 5 Count (5 Containers With 5 Lids), Clear","Amazon Basics","$23.48","2,562","51","$60,156","06/14/2019","$14.17","4.3","9,206","$9.31","5,092","6","AMZ","8","Kitchen & Dining","Standard","6.8 x 8.1 x 6.3 in","1.451 lb","https://www.amazon.com/dp/B07KYSDN7W"
"vegetable containers for fridge","","B0CDYJZBNL","AVUX Food Storage Bins with Colander  A (4 Pcs) Airtight and Leak Proof Plastic Storage Saver Container Set for Fridge Organizer to Store Salad, Vegetables, Meat, Fruits and Frozen Food","","$25.97","360","12","$9,349","","","4.7","22","","22,989","","FBA","","Kitchen & Dining","","","","https://www.amazon.com/dp/B0CDYJZBNL"
"Average Monthly Sales: 1,224","","B00LIP5PDI","Prepara Herb Savor Pod 2.0, Set of 3,White","Prepara","$30.00","987","29","$29,610","06/10/2014","$19.75","4.1","8,349","$10.25","9,556","6","FBA","9","Kitchen & Dining","Standard","9.134 x 12.52 x 3.386 in","1.587 lb","https://www.amazon.com/dp/B00LIP5PDI"
"Average Revenue: $31,740","","B01NAS639I","SILIVO Fruit Storage Containers for Fridge (3 Pack) - 1.5L Produce Saver Containers for Refrigerator with Removable Drain Tray Keep Fresh for Produce, Bacon, Fruits and Vegetables","SILIVO","$12.99","3,411","97","$44,309","01/10/2017","$6.52","4.4","11,953","$6.47","2,339","6","FBA","1","Kitchen & Dining","Standard","4.72 x 2.76 x 11.42 in","14.1 oz","https://www.amazon.com/dp/B01NAS639I"
"Average Price: $27.80","","B09XB68ZB8","Pomeat 10 Pack Fridge Organizer, Stackable Refrigerator Organizer Bins with Lids, BPA-Free Produce Fruit Storage Containers for Storage Clear for Food, Drinks, Vegetable Storage","Pomeat","$22.99","4,588","232","$105,478","04/05/2022","$13.11","4.4","2,146","$9.88","679","7","FBA","7","Kitchen & Dining","Standard","8.27 x 4.13 x 12.2 in","3.52 lb","https://www.amazon.com/dp/B09XB68ZB8"
"Average No. of Ratings: 2,099","","B0BZPJ7828","ZIJUND 14 Pack Fridge Organizer, Stackable Refrigerator Organizer Bins with Lids, BPA-Free Fridge Organizers and Storage Containers for Fruit, Vegetable, Food, Drinks, Cereals, Clear","ZIJUND","$35.99","1,703","50","$61,291","03/26/2023","$22.66","4.4","394","$13.33","5,187","7","FBA","5","Kitchen & Dining","Standard","12.56 x 4.69 x 16.69 in","8.71 lb","https://www.amazon.com/dp/B0BZPJ7828"
"Average Sales Rank: 27,202","","B08D9S3N9S","Rubbermaid FreshWorks Produce Saver, Medium and Large Storage Containers, 8-Piece Set, Clear","Rubbermaid","$33.79","5,762","179","$194,698","06/30/2020","$21.99","4.6","5,348","$11.80","1,006","6","FBA","9","Kitchen & Dining","Standard","7.81 x 8.13 x 9.81 in","2 lb","https://www.amazon.com/dp/B08D9S3N9S"
"Average Rating Number: 4.4","","B00I0TBP8Y","Debbie Meyer GreenBoxes 32 Piece Set  Keeps Fruits, Vegetables, Baked Goods and Snacks Fresh Longer, Reusable, BPA Free, Microwave and Dishwasher Safe, Made in USA","Debbie Meyer","$29.99","1,373","37","$41,176","01/23/2014","$18.76","4.5","9,200","$11.23","7,363","7","FBA","2","Kitchen & Dining","Standard","8.976 x 11.299 x 6.417 in","1.762 lb","https://www.amazon.com/dp/B00I0TBP8Y"
"","","B09KTHRD67","LUXEAR Fruit Vegetable Produce Storage Saver Containers with Lid & Colander 5 Packs BPA-Free Plastic Fresh Keeper Set | Refrigerator Fridge Organizer | for Salad Berry Lettuce Food Meat Fish Celery","LUXEAR","$25.99","898","27","$23,339","11/01/2021","$15.36","4.4","2,175","$10.63","10,115","7","FBA","4","Kitchen & Dining","Standard","8.9 x 12.24 x 6.02 in","3.309 lb","https://www.amazon.com/dp/B09KTHRD67"
"","","B00ERE2RLK","Prepara Eco Herb Savor Pod, Green 6.2 x 2.9 x 10.7 inches","Prepara","$23.15","129","4","$2,986","08/23/2013","$15.91","4.4","3,031","$7.24","65,703","5","AMZ","1","Kitchen & Dining","Standard","5.5 x 10.5 x 3 in","0.75 lb","https://www.amazon.com/dp/B00ERE2RLK"
"","","B0CLKNQLP4","KEMETHY 6 Pack Fruit Storage Containers For Fridge With Removable Colanders, Airtight Storage Container, BPA-Free, Dishwasher & Microwave Safe, Keep Berry Fruit Vegetable Food Meat Fresh Longer","KEMETHY","$27.99","1,661","37","$46,491","10/21/2023","$17.36","4.7","57","$10.63","7,314","7","FBA","1","Kitchen & Dining","Standard","7 x 4.5 x 9 in","3.88 lb","https://www.amazon.com/dp/B0CLKNQLP4"
"","","B0B27MDKXD","5 PCS Large Fruit Containers for Fridge - Leakproof Food Storage Containers with Removable Colander - Dishwasher & microwave safe Produce Containers Keep Fruits, Vegetables, Berry, Meat Fresh longer","Freshmage","$20.99","4,011","211","$84,191","05/24/2022","$11.56","4.4","1,302","$9.43","785","6","FBA","1","Kitchen & Dining","Standard","9.06 x 6.3 x 10.63 in","2.51 lb","https://www.amazon.com/dp/B0B27MDKXD"
"","","B0CBWT6B2G","SpaceHacks 10 Pack Refrigerator Organizer Bins Stackable with Lids, Clear Fridge Organizers and Storage, Kitchen Organizer Storage Containers for Fruit, Produce, Food, Vegetables","SpaceHacks","$21.99","2,399","135","$52,754","10/20/2023","","4.4","70","","1,510","6","FBA","1","Kitchen & Dining","","","","https://www.amazon.com/dp/B0CBWT6B2G"
"","","B073ZP5Z2X","Amazon Basics Glass Locking Lids Food Storage Containers, 14-Piece Set, 7 Count of Bases and 7 Plastic Lids, Clear, Blue","Amazon Basics","$37.99","3,022","110","$114,806","11/09/2018","","4.5","36,294","","2,007","7","AMZ","9","Kitchen & Dining","","","","https://www.amazon.com/dp/B073ZP5Z2X"
"","","B016I5TUMY","Prepara Mini Herb Saver Mini, White/Green","Prepara","$13.60","269","8","$3,658","10/04/2015","$7.58","4","2,587","$6.02","34,072","5","AMZ","4","Kitchen & Dining","Standard","3.5 x 11.5 x 3.5 in","0.5 lb","https://www.amazon.com/dp/B016I5TUMY"
"","","B09W8YDTBF","Meanplan Food Storage Containers for Fridge Plastic refrigerator Organizers with Removable Drain Plate and Lid Stackable Produce Containers to Keep Fruits, Vegetables, Meat(8 Packs)","Meanplan","$24.99","150","5","$3,748","03/22/2022","$14.51","4","232","$10.48","49,800","6","FBA","1","Kitchen & Dining","Standard","9.02 x 11.81 x 6.46 in","3.15 lb","https://www.amazon.com/dp/B09W8YDTBF"
"","","B0C69SDVNG","Herb Saver, Herb Keeper for Refrigerator, Cilantro Containers for Refrigerator, Herb Saver Pod, Fresh Herb Keeper for Cilantro, Parsley, Asparagus, Keeps Vegetables for 2-3 Weeks (3PCS Herb Saver)","Vamrak","$25.98","264","8","$6,859","05/23/2023","$16.94","3.1","40","$9.04","34,223","7","FBA","1","Kitchen & Dining","Standard","3.35 x 3.35 x 10.23 in","1.19 lb","https://www.amazon.com/dp/B0C69SDVNG"
"","","B0B9S6PV2G","Vtopmart Set of 7 Fridge Organizer, Stackable Fruit Storage Containers for Fridge with lids, BPA-Free Refrigerator Organizer Bins with Drain Tray for Vegetables, Fruits, Food, Drinks","Vtopmart","$21.99","1,268","40","$27,883","08/15/2022","$11.96","4.4","351","$10.03","6,677","7","FBA","1","Kitchen & Dining","Standard","3.94 x 7.87 x 11.81 in","4.43 lb","https://www.amazon.com/dp/B0B9S6PV2G"
"","","B09CD4HJSM","SANNO Vegetable Fruit Storage Containers, Food Storage Containers Fridge Produce Save, Stackable Refrigerator Organizer Keeper Drawers Bins Baskets with Lids and Removable Drain Tray","SANNO","$29.97","81","3","$2,428","08/10/2021","$19.04","4.3","562","$10.93","83,483","7","FBA","1","Kitchen & Dining","Standard","7.17 x 6.14 x 11.42 in","3.23 lb","https://www.amazon.com/dp/B09CD4HJSM"
"","","B0CLKNSHJM","KEMETHY 10 Pack Fruit Storage Containers for Fridge with Removable Colanders - Food Storage Containers with Lids, BPA-Free Produce Containers Keep Fruits, Vegetables, Berry, Meat Fresh Longer","KEMETHY","$39.99","608","29","$24,314","01/02/2024","$27.26","4.8","18","$12.73","9,589","7","FBA","1","Kitchen & Dining","Standard","8.99 x 5.31 x 10.62 in","4.95 lb","https://www.amazon.com/dp/B0CLKNSHJM"
"","","B0C373LZRH","Moretoes 7pcs Fridge Organizer with Lid, Clear Refrigerator Organizer Bins Set Stackable BPA-Free Fruit Storage Containers of 3 Sizes for Food Vegetable Drinks Kitchen","Moretoes","$16.99","333","7","$5,658","04/20/2023","$7.71","4.6","233","$9.28","38,719","7","FBA","1","Kitchen & Dining","Standard","8.7 x 1 x 12.6 in","4.38 lb","https://www.amazon.com/dp/B0C373LZRH"
"","","B07PJ21B2X","mDesign Plastic Kitchen Refrigerator Produce Storage Organizer Bin with Open Vents for Air Circulation - Food Container for Fruit, Vegetables, Lettuce, Cheese, Fresh Herbs, Snacks - S, 4 Pack - Clear","mDesign","$22.39","240","4","$5,374","06/05/2019","$12.68","4.6","1,654","$9.71","63,661","7","FBA","1","Kitchen & Dining","Standard","8.6 x 11.4 x 6.2 in","2.401 lb","https://www.amazon.com/dp/B07PJ21B2X"
"","","B0BJ137GHT","Kitchen Spaces Colander Bin, Produce Saver, Fridge Organizer With Lid, Wash, Strain and Store, Great for Refrigerator, Freezer and Pantry, Large, White, Pack of 1","Kitchen Spaces","$21.83","600","20","$13,098","10/11/2022","","4.3","3,974","","13,766","5","AMZ","1","Kitchen & Dining","","","","https://www.amazon.com/dp/B0BJ137GHT"
"","","B08NFS2MLW","Stasher Reusable Silicone Storage Bag, Food Storage Container, Microwave and Dishwasher Safe, Leak-free, Bundle 7-Pack, Clear","Stasher","$104.99","","","","11/13/2020","$81.91","4.6","1,273","$23.08","1,927","7","AMZ","3","Unique Finds","Standard","10.16 x 13.62 x 7.01 in","2.141 lb","https://www.amazon.com/dp/B08NFS2MLW"
"","","B0BXP6HPK4","Pomeat 14 Pack Fridge Organizer with Lid, Stackable Refrigerator Organizer Bins, BPA-Free Fridge Organizers and Storage Clear, Fruit Storage Containers for Fridge, Kitchen, Food, Produce, Vegetable","Pomeat","$35.99","489","15","$17,599","03/06/2023","","4.4","170","","18,140","6","FBA","4","Kitchen & Dining","","","","https://www.amazon.com/dp/B0BXP6HPK4"
"","","B0CJ4T656M","Pomeat 10 Pcs Stackable Fridge Organizer Bins Airtight Divided Serving Tray with Lid Vegetable Fruit Container for Refrigerator Organizer Bins Produce Salad Storage Snackle Box Containers Veggie Tray","Pomeat","$25.99","120","4","$3,119","09/14/2023","$13.86","4.6","3","$12.13","59,591","6","FBA","1","Kitchen & Dining","Standard","9.84 x 7.48 x 13.78 in","3.52 lb","https://www.amazon.com/dp/B0CJ4T656M"
"","","B0C7TMSDP2","4-Pack Fruit Storage Containers for Fridge with Removable Colanders, 4 in 1 Produce Storage Containers with Lid for Salad Berry Lettuce Vegetables Meat Keeper","Winproper","$17.99","1,893","56","$34,055","06/12/2023","$8.71","4.4","273","$9.28","4,616","7","FBA","1","Kitchen & Dining","Standard","5.5 x 7.7 x 9.5 in","3.03 lb","https://www.amazon.com/dp/B0C7TMSDP2"
"","","B0CC1XN7YZ","MsPrLs Fruit Storage Containers for Fridge 5 Pack | Fruits and Veggie Containers for Refrigerator with Colander | Keep Produce Vegetables Lettuce Fresh Longer | 5 Stackable Size | Rectangle","MsPrLs","$22.99","951","15","$21,863","07/16/2023","$13.11","4.5","134","$9.88","18,365","7","FBA","2","Kitchen & Dining","Standard","8.98 x 2 x 10.79 in","3.85 lb","https://www.amazon.com/dp/B0CC1XN7YZ"
"","","B0CLKNQW6P","KEMETHY 5 Pack Fruit Storage Containers for Fridge with Removable Colanders - Food Storage Containers with Lids, BPA-Free Produce Containers Keep Fruits, Vegetables, Berry, Meat Fresh Longer","KEMETHY","$19.99","1,188","39","$23,748","12/25/2023","$11.20","4.7","49","$8.79","6,954","7","FBA","1","Kitchen & Dining","Standard","7.87 x 4.72 x 9.44 in","2.55 lb","https://www.amazon.com/dp/B0CLKNQW6P"
"","","B00TO8X0BA","OXO Good Grips GreenSaver Produce Keeper - Large,White","OXO","$22.99","2,506","97","$57,613","03/02/2015","$16.00","4.4","4,962","$6.99","2,359","6","AMZ","10","Kitchen & Dining","Standard","6.6 x 12 x 6 in","5 oz","https://www.amazon.com/dp/B00TO8X0BA"
"","","B0BCWW2PQH","Fridge Fruit Storage Containers - Refrigerator Colander Bins for Produce and Veggies - Easily Wash, Prep and Store Fruits and Vegetables (Set of 3)","Soveressence","$29.99","196","11","$5,878","09/01/2022","$19.06","3.7","121","$10.93","24,915","6","FBA","1","Kitchen & Dining","Standard","5 x 12 x 7 in","3.88 lb","https://www.amazon.com/dp/B0BCWW2PQH"
"","","B0CBX1PGD6","NISILIN 14 Pack Fridge Organizers and Storage - Refrigerator Organizer Bins with Lids, BPA-Free Fridge Organization, Fruit Storage Containers for Fridge, Vegetable, Food, Drinks, Cereals, Clear","NISILIN","$32.99","709","24","$23,390","07/14/2023","$20.11","4.5","64","$12.88","11,320","7","FBA","1","Kitchen & Dining","Standard","12 x 4 x 15 in","8.53 lb","https://www.amazon.com/dp/B0CBX1PGD6"
"","","B08DRQT8TW","AYCCNH Fruit and Vegetable Storage Containers for Fridge 4 Piece Set, Onion, Lemon, Tomato and Avocado Saver/Holder/Keeper","AYCCNH","$19.99","188","7","$3,758","08/14/2020","$12.47","4.5","391","$7.52","39,001","6","FBA","1","Kitchen & Dining","Standard","9.25 x 4.09 x 10.91 in","12.1 oz","https://www.amazon.com/dp/B08DRQT8TW"
"","","B08JPJW6K9","WAVELUX Produce Saver Containers for Refrigerator, Food Fruit Vegetables storage, 3 Pcs Stackable Freezer Fridge Organizer, Fresh Keeper Drawer Bin Basket with Vented Lids & Removable Drain Tray","WAVELUX","$28.40","504","17","$14,314","09/21/2020","$17.71","4.5","1,178","$10.69","16,738","7","FBA","1","Kitchen & Dining","Standard","6.4 x 5.7 x 12.4 in","4 lb","https://www.amazon.com/dp/B08JPJW6K9"
"","","B0BBCHPLR2","Ronanemon 4 Pack Fridge Food Storage Container Set with Lids with Strainer, Fruit Vegetable Storage Containers Keep Fruits, Vegetables, Berry, Meat Fresh longer, BPA-Free Plastic Produce Keepers","Ronanemon","$25.99","609","18","$15,828","08/20/2022","$15.66","4.7","381","$10.33","15,784","7","FBA","1","Kitchen & Dining","Standard","8.4 x 5.6 x 10 in","2.98 lb","https://www.amazon.com/dp/B0BBCHPLR2"
"","","B0CFKVR333","5 PCS Fruit Storage Containers for Fridge - Fruit Containers for Refrigerator with Removable Colander - Airtight Food Storage Container KeepProduce Vegetables BerryFresh Longer","FOOYOO","$26.99","390","13","$10,526","10/31/2023","$16.21","4.9","11","$10.78","20,749","7","FBA","1","Kitchen & Dining","Standard","6.5 x 10 x 9 in","3.89 lb","https://www.amazon.com/dp/B0CFKVR333"
"","","B0CHPK5XYZ","halteoly 4PC Silicone Fruit and Vegetable Storage Containers Set for Fridge, Onion Storage Container, Avocado keeper,Tomato Saver,and Lemon holder","halteoly","$16.59","208","9","$3,451","09/08/2023","$9.58","4.1","14","$7.01","29,597","7","FBA","1","Kitchen & Dining","Standard","5.16 x 4.21 x 5.31 in","13.7 oz","https://www.amazon.com/dp/B0CHPK5XYZ"
"","","B08L3DKHXT","LUXEAR Fresh Container, 3PACK Produce Saver Container BPA Free Fridge Organizer for Vegetable Fruit and Salad Partitioned Food Storage Container with Vents Stay Fresh Containers Not Dishwashers Safe","LUXEAR","$36.99","750","20","$27,743","10/11/2020","$24.71","4.3","4,180","$12.28","14,181","7","FBA","2","Kitchen & Dining","Standard","7.48 x 6.77 x 11.93 in","3.21 lb","https://www.amazon.com/dp/B08L3DKHXT"
"","","B09Z29BCQC","loobuu Produce Saver Containers for Refrigerator - 2 Pack Stackable Food Storage Container for Fridge, Berry Keeper Boxes with Removable Drain Tray Keep Fresh for Vegetables, Fruit,Meat and Salad","loobuu","$29.99","150","2","$4,499","04/27/2022","$19.06","4.1","45","$10.93","91,128","7","FBA","1","Kitchen & Dining","Standard","8.23 x 5.71 x 11.57 in","2.32 lb","https://www.amazon.com/dp/B09Z29BCQC"
"","","B0CB5F438J","LUXEAR 4 Pack Fruit Vegetable Containers for Fridge, Produce Saver Container with Lids &Removable Colander BPA-free Refrigerator Storage Organizer for Fruit Vegetable, Berry, Meat keep Fresh Longer","LUXEAR","$39.99","330","11","$13,197","07/04/2023","$26.51","4.5","156","$13.48","24,715","7","FBA","1","Kitchen & Dining","Standard","7.87 x 7.08 x 12.6 in","6.1 lb","https://www.amazon.com/dp/B0CB5F438J"
"","","B0BZYT3648","Herb Saver for Refrigerator, Fresh Herb Keeper, Herb Saver Pod Containers, Herb Fresh Keeper for Refrigerator,Herb Storage for Cilantro,Parsley, Asparagus,Keeps Vegetables Fresh for 2-3 Wee2PCS","JDPNJSI","$18.68","432","14","$8,070","03/30/2023","$12.34","3.5","77","$6.34","20,354","6","FBA","3","Kitchen & Dining","Standard","3.35 x 3.35 x 10.04 in","5 oz","https://www.amazon.com/dp/B0BZYT3648"
"","","B07PM28GF1","LUXEAR Fresh Produce Vegetable Fruit Storage Containers 3Piece Set, BPA-free , Partitioned Salad Fridge Organizers, Used in Storing Meat Fresh Fish","LUXEAR","$39.99","1,393","39","$55,706","03/11/2019","$26.96","4.5","5,464","$13.03","7,012","7","FBA","2","Kitchen & Dining","Standard","8.66 x 12.6 x 6.42 in","3.351 lb","https://www.amazon.com/dp/B07PM28GF1"
"","","B0C4SNSHHB","KUMD 10 Pack Refrigerator Organizer Bins, Stackable Fridge Organizers and Storage with Lids, BPA-Free Fridge Organizers Containers for Fruit, Vegetable, Food, Drinks, Cereals, Clear","KUMD","$29.99","590","7","$17,694","05/09/2023","$18.16","4.5","294","$11.83","37,019","7","FBA","1","Kitchen & Dining","Standard","11.8 x 3.9 x 11.8 in","6.37 lb","https://www.amazon.com/dp/B0C4SNSHHB"
"","","B09TYX9CGR","2pack Serving Trays for Party Divided Veggie Tray with Lid Sealed Sectioned Fruit Snack Serving Platter Vegetable Storage with 4 Compartments Snackle Box Charcuterie Container Fridge Organizer","MANO","$31.99","465","16","$14,875","03/05/2022","$24.12","4","523","$7.87","16,896","7","FBA","1","Kitchen & Dining","Standard","1 x 0.5 x 1 in","0.5 lb","https://www.amazon.com/dp/B09TYX9CGR"
"","","B09Z73WKL2","Set Of 7 Stackable Refrigerator Organizer with Lids, Fridge Organization and Storage Clear Containers, BPA-Free Plastic Pantry Bins for Fruits, Vegetable, Food, Drinks","Ginissey","$24.99","690","16","$17,243","04/28/2022","$14.51","4.5","1,960","$10.48","17,059","7","FBA","6","Kitchen & Dining","Standard","8.58 x 13.19 x 4.69 in","4.191 lb","https://www.amazon.com/dp/B09Z73WKL2"
"","","B0BQVRNZN6","AOSION 8 Pieces Fruit Storage Containers For Fridge, Large Produce Saver Berry Lettuce Containers For Refrigerator Organizers Bins, Fruit Vegetable Food Storage Containers With Lids & Colanders","AOSION","$17.99","366","6","$6,584","12/21/2022","$8.86","4.6","119","$9.13","40,678","7","FBA","1","Kitchen & Dining","Standard","7.9 x 5.3 x 9.65 in","3.21 lb","https://www.amazon.com/dp/B0BQVRNZN6"
"","","B0BY1PBQRD","4 PCS Fruit Storage Containers for Fridge with Removable Colander, Airtight Food Storage Container, Dishwasher Safe Produce Saver Container for Refrigerator, Keep Berry Fruit Vegetable Fresh Longer","Freshmage","$16.99","1,984","57","$33,708","05/24/2023","$8.65","4.4","357","$8.34","4,483","7","FBA","3","Kitchen & Dining","Standard","7.8 x 5.3 x 9.6 in","1.57 lb","https://www.amazon.com/dp/B0BY1PBQRD"
"","","B0BPGSPTCB","Taiuloo 2 Pack Divided Veggie Tray with Lid, 5 Compartment Snackle Box Container for Fridge, Clear Refrigerator Organizer Bins Plastic Food Storage Containers for Snack, Fruit, Vegetable, Fish, Meat","Taiuloo","$29.99","497","23","$14,905","12/07/2022","$19.06","4.1","131","$10.93","11,995","7","FBA","1","Kitchen & Dining","Standard","9.5 x 3.1 x 14.7 in","1.76 lb","https://www.amazon.com/dp/B0BPGSPTCB"
"","","B0BNZXKV53","GODORIO Set of 7 Fridge Organizers, Stackable Refrigerator Organizer Bins with Lids, BPA-Free Fridge Organizers and Storage Clear Containers, Refrigerator Storage Container for Fruits, Vegetable, Food","GODORIO","$19.99","54","4","$1,079","12/02/2022","$10.26","4.5","66","$9.73","59,870","7","FBA","1","Kitchen & Dining","Standard","8 x 4 x 12 in","4.31 lb","https://www.amazon.com/dp/B0BNZXKV53"
"","","B08NP9CN2L","elabo Food Storage Containers Fridge Produce Saver- Stackable Refrigerator Organizer Keeper Drawers Bins with Lids, Fridge Organizers and Storage for Vegetables, Berry and Fruits, BPA-Free, 2 Pack","elabo","$27.99","60","1","$1,679","11/16/2020","$10.29","4.6","332","$17.70","136,695","7","FBA","1","Kitchen & Dining","Oversize","15.591 x 15.709 x 7.284 in","3.814 lb","https://www.amazon.com/dp/B08NP9CN2L"
"","","B09H59ZH5F","Lichma 5pcs Plastic Vegetable Storage Box Lemon Onion Tomato Green Pepper and Garlic Insurance Container Fruit Food Fresh-Keeping Reusable (5pcs)","Lichma","$16.80","121","3","$2,033","09/25/2021","$10.74","4.5","106","$6.06","84,582","6","FBA","1","Kitchen & Dining","Standard","5.04 x 4.49 x 9.29 in","0.035 oz","https://www.amazon.com/dp/B09H59ZH5F"
"","","B0CC9YBZT7","KOXXIAMOQ Fruit and Vegetable Storage Containers for Fridge, 6 Pcs/3 Sets Keep Fresh Produce Saver Containers Keeper, Food Storage Containers with Removable Colander (grey)","KOXXIAMOQ","$14.58","166","4","$2,420","07/18/2023","$7.25","4.1","14","$7.33","62,564","7","FBA","1","Kitchen & Dining","Standard","6.49 x 4.52 x 9.05 in","1.15 lb","https://www.amazon.com/dp/B0CC9YBZT7"
"","","B09VZ11WHK","Refrigerator Deodorizer,Lasts for 10 Years,Refrigerator Odor Eliminator,Fridge Deodorizer,Beats Baking Soda and Bamboo Charcoal Air Purifying Bags","Purriko","$24.99","16,054","560","$401,189","03/18/2022","$17.70","4.3","3,564","$7.29","550","6","FBA","1","Home & Kitchen","Standard","3.35 x 3.43 x 3.23 in","0.331 lb","https://www.amazon.com/dp/B09VZ11WHK"
"","","B0CHVD71FQ","14 Pack Fridge Organizer Bins, Clear Refrigerator Organizing with Lids, Stackable Refrigerator Organizer and Storage Set,BPA-Free Fruit Storage Containers for Fridge,Kitchen, Food, Produce, Vegetable","AMALEKO","$35.99","325","9","$11,697","09/11/2023","$22.66","4.7","40","$13.33","30,045","7","FBA","2","Kitchen & Dining","Standard","8.7 x 1 x 12.6 in","8.69 lb","https://www.amazon.com/dp/B0CHVD71FQ"
"","","B0B2S3BVKB","Yustuf 3-pack Vegetable and Fruit Storage Containers for Fridge Organizer Produce Saver Containers for Refrigerator Lettuce Keeper BPA-Free Kitchen Organization with Lids and Air Vents (Grey)","Yustuf","$29.99","209","14","$6,268","05/30/2022","$18.76","4.2","351","$11.23","19,266","7","FBA","1","Kitchen & Dining","Standard","7.56 x 6.46 x 11.65 in","3.75 lb","https://www.amazon.com/dp/B0B2S3BVKB"
"","","B0BTY6KB67","bealy 2 pack Refrigerator Organizing Bins with Drain Board Stackable Refrigerator Organizer Bins, Reusable Food Storage Containers, Fridge Drawer Organizer,Kitchen,Produce,Fruit,Vegetable","bealy","$30.99","1,066","35","$33,035","02/05/2023","$19.01","4.5","229","$11.98","7,893","7","FBA","1","Kitchen & Dining","Standard","7 x 6 x 10 in","6.34 lb","https://www.amazon.com/dp/B0BTY6KB67"
"","","B08BYJX8HJ","MineSign 6 Pack Stackable Fridge Organizers and Storage Clear Refrigerator Organizer Bins With Vented Lids And Drainer Plastic Container for Fruit Lettuce Produce Saver Keeper for Freezer Kitchen","MineSign","$25.99","370","12","$9,616","06/27/2020","$15.06","4.4","2,796","$10.93","22,400","6","FBA","1","Kitchen & Dining","Standard","12.8 x 13.6 x 4.3 in","5.051 lb","https://www.amazon.com/dp/B08BYJX8HJ"
"","","B0C991N654","Mumufy 9 Pack Fruit Vegetable Storage Containers for Refrigerator Produce Saver Storage Container with Lid and Colander Fresh Plastic Keeper Containers for Lettuce Berry Food Storage Organization Set","Mumufy","$18.99","60","2","$1,139","06/24/2023","","4.2","3","","124,105","7","FBA","1","Kitchen & Dining","","","","https://www.amazon.com/dp/B0C991N654"
"","","B0B4F5F8GR","Taiuloo Set of 4 Fridge Organizer, Stackable Refrigerator Organizer Bins with Lids, Kitchen Pantry Organization, BPA-Free Clear Food Storage Containers for Fruit, Vegetable, Cereals, Drinks","Taiuloo","$36.99","136","5","$5,031","06/16/2022","$24.41","4.7","112","$12.58","50,425","7","FBA","2","Kitchen & Dining","Standard","8.66 x 5.28 x 15.91 in","5.48 lb","https://www.amazon.com/dp/B0B4F5F8GR"
"","","B0CLL91C3Q","Vtopmart Fridge Organizer Bins on Wheels, Clear Roll Out Drawer Refrigerator Organizing Caddy with Dividers, Thick Plastic Storage Bins for Pantry, Kitchen, Cabinet etc","Vtopmart","$22.99","720","24","$16,553","12/20/2023","","4.7","23","","11,438","","FBA","1","Kitchen & Dining","","","","https://www.amazon.com/dp/B0CLL91C3Q"
"","","B0C1NBJP9T","Produce Saver Refills Kit for OXO GreenSaver Produce Keepers and Crisper Inserts, Keep Fruits Veg Fresh, Also Compatible with Bluapple Produce Freshness Saver Balls and other Produce Savers (12)","ShuRex","$19.99","203","6","$4,058","04/07/2023","$14.07","4.2","23","$5.92","45,297","6","FBA","1","Kitchen & Dining","Standard","2.6 x 0.5 x 3.5 in","4.6 oz","https://www.amazon.com/dp/B0C1NBJP9T"
"","","B01N6LE9WJ","Lasting Freshness 19 Piece Vacuum Seal Food Storage Container Set, Rectangle","Lasting Freshness","$74.98","596","12","$44,688","12/28/2016","$50.61","4.2","2,794","$24.37","22,658","6","FBA","2","Kitchen & Dining","Oversize","12.4 x 15.8 x 8.2 in","6.55 lb","https://www.amazon.com/dp/B01N6LE9WJ"
"","","B0967WR6QC","Winrock Reusable Silicone Food Storage Bag, for Microwave, Oven, Fridge, Freezer & Sous Vide Zip Sealed Containers (2 Middle size 32oz 1000ml)","Winrock","$9.59","1,497","55","$14,356","05/30/2021","$4.38","4.5","285","$5.21","4,750","7","FBA","1","Kitchen & Dining","Standard","7.09 x 7.95 x 1.77 in","0.571 lb","https://www.amazon.com/dp/B0967WR6QC"