"Export time:  2/1/2024, 1:41:22 PM","","ASIN","Product Name","Brand","Price","Monthly Units Sold","Daily Units Sold","Monthly Revenue","Date First Available","Net Revenue","Star Rating","Reviews","Amazon Fees","BSR","LQS","Seller Type","Sellers","Category","Product Tier","Dimensions","Weight","Link"
"","","B08CHFPM7L","Valante Set of Adult Game Toys Microfiber Drawstring Storage Bags (3 size set)","Valante","$19.99","1,309","37","$26,167","07/06/2020","$14.07","4.8","2,107","$5.92","21,248","6","FBA","1","Health & Household","Standard","0.2 x 12 x 9 in","5.6 oz","https://www.amazon.com/dp/B08CHFPM7L"
"adult toy storage","","B0C7Z22T52","Locking Storage Box Travel Bag for Toys Receive Bag Game Toys Storage Bags","EKRISON","$42.99","253","12","$10,876","06/13/2023","$29.51","4.5","25","$13.48","78,739","5","FBA","2","Home & Kitchen","Standard","8.6 x 7.2 x 11.4 in","1.63 lb","https://www.amazon.com/dp/B0C7Z22T52"
"Average Monthly Sales: 824","","B0CLLF9GD5","MUOUM Toy Storage Bags Toy Box Toy Bag Toy Organizer Toy Container Locking Storage Box Travel Bag For Toys Game Toys Storage Bags","MUOUM","$37.99","128","3","$4,863","10/24/2023","$25.26","3.8","25","$12.73","266,313","7","FBA","1","Home & Kitchen","Standard","9 x 6.7 x 11.8 in","1.76 lb","https://www.amazon.com/dp/B0CLLF9GD5"
"Average Revenue: $30,407","","B0BZCYGGP2","Storage Bins with Lids,78 Quart Plastic Bins with Lids,Large Closet Organizers, 3 Packs Collapsible Storage Bins with Wheels,Double Door Stackable Bins for Clothes,Home","KHNR","$86.18","3,771","121","$324,985","05/05/2023","","4.4","360","","6,208","7","FBA","6","Home & Kitchen","","","","https://www.amazon.com/dp/B0BZCYGGP2"
"Average Price: $34.32","","B08CHH5328","Valante Set of Adult Game Toys Microfiber Drawstring Storage Bags (Large size set)","Valante","$18.99","1,350","37","$25,636","07/06/2020","$13.07","4.8","2,107","$5.92","21,248","6","FBA","1","Health & Household","Standard","0.2 x 12 x 9 in","7 oz","https://www.amazon.com/dp/B08CHH5328"
"Average No. of Ratings: 1,020","","B0BG1JWDMV","9 Pcs Adult Game Toy Storage Bags Drawstring Gift Bags Pouches for Toys Lightweight Toy Organizer Stuff Sack Multi Purpose Foldable Ditty Bag Travel Pouch for Women, 3 Sizes","Amylove","$17.99","342","14","$6,153","09/20/2022","$11.52","4.5","91","$6.47","44,620","7","FBA","1","Health & Household","Standard","9.84 x 0.91 x 11.81 in","7.37 oz","https://www.amazon.com/dp/B0BG1JWDMV"
"Average Sales Rank: 139,185","","B07BKVN8S4","Bankers Box 30 Pack STOR/FILE Basic Duty File Storage Boxes, Standard Assembly, Lift-off Lid, Letter/Legal, White/Blue","Bankers Box","$69.99","4,744","129","$332,033","03/31/2018","$32.69","4.8","2,988","$37.30","1,574","7","AMZ","4","Office Products","Oversize","22.63 x 10.38 x 28.38 in","1.1 lb","https://www.amazon.com/dp/B07BKVN8S4"
"Average Rating Number: 4.4","","B075792GSH","Bankers Box 20 Pack R-KIVE Heavy-Duty File Storage Boxes, FastFold, Lift-Off Lid, Letter, White/Blue","Fellowes","$87.27","358","19","$31,243","08/28/2017","$42.44","4.7","790","$44.83","12,711","6","AMZ","38","Office Products","Oversize","21 x 28.5 x 14 in","33.1 lb","https://www.amazon.com/dp/B075792GSH"
"","","B0C26QYJ8S","Friday Monkey Large Under Bed Shoe Boot Storage Organizers for women and girls 2 Pack, Fit 14+4 Pairs, Sturdy Underbed Closet Shoes Bin Container Bag Organizer, 33.9x 23.6x5.9inch, Black, ZMBCUBS14S4","Friday Monkey","$21.99","797","28","$17,526","05/09/2023","","4.5","174","","33,630","7","FBA","1","Home & Kitchen","","","","https://www.amazon.com/dp/B0C26QYJ8S"
"","","B0CGTG8RY9","Rsobl Toy Storage Bag Organizer Case for Women and Men,Lock Box Travel Bag Game Toys Storage Bags","Rsobl","$42.99","135","5","$5,804","08/28/2023","$31.40","3.9","12","$11.59","181,356","6","FBA","1","Home & Kitchen","Standard","2 x 1 x 3 in","1.63 lb","https://www.amazon.com/dp/B0CGTG8RY9"
"","","B0C8CN6RC7","6 Pcs Adult Game Toy Storage Bags, Microfiber Drawstring Gift Bags Pouches Adjustable Toy Organizer Foldable Ditty Underwear Bag Sunglasses Case Home Travel Pouch (6)","NADUSEP","$7.99","209","7","$1,670","06/16/2023","$3.67","3.8","9","$4.32","71,394","7","FBA","1","Health & Household","Standard","4.8 x 1.14 x 5.79 in","2.39 oz","https://www.amazon.com/dp/B0C8CN6RC7"
"","","B0BG1HHMDX","20 Pcs Adult Game Toy Storage Bags Drawstring Gift Bags Pouches for Toys Lightweight Ditty Stuff Pouch Multi Purpose Foldable Compact Home Travel Toy Bag Sunglasses Pouch Case, 4 Sizes (Classic)","Amylove","$26.99","248","7","$6,694","09/20/2022","$17.80","4.5","70","$9.19","76,160","7","FBA","1","Health & Household","Standard","9.45 x 1.5 x 10.55 in","1.46 lb","https://www.amazon.com/dp/B0BG1HHMDX"
"","","B0CLG6RMBZ","GGGI Solution - Set of 4 Under bed Storage with See-Through PVC Window organization and storage for Closet and Bedroom clothes storage Underbed Clothes Storage & Reinforced Zipper","Generic","$24.45","","","$0.00","10/19/2023","","","","","1,274,146","7","FBA","1","Home & Kitchen","","","","https://www.amazon.com/dp/B0CLG6RMBZ"
"","","B0CPT4HQTN","KHNR Storage Bins with Lids,21 Gal Stackable Storage Bins,4 Packs Collapsible Storage Bins with Wheels,Closet Organizers and Storage for Home and Office","KHNR","$248.99","280","8","$69,717","01/21/2024","","5","10","","108,199","6","FBA","1","Home & Kitchen","","","","https://www.amazon.com/dp/B0CPT4HQTN"
"","","B09Z9QP2G4","Storage Bins with Lids - 4 Packs Stackable,Collapsible Storage Bins,Plastic Storage Bins for Closet,Folding Storage Box,Dual Open Bathroom Organizer Laundry Room Organization","wookon","$176.99","742","19","$131,327","04/30/2022","$129.34","4.4","925","$47.65","48,769","7","FBA","3","Home & Kitchen","Oversize","15.8 x 22.1 x 12.9 in","18.999 lb","https://www.amazon.com/dp/B09Z9QP2G4"
"","","B0CB8Q376N","HoneySky Large Toy Box Chest 70L, Vintage Floral Pattern, Metal Storage Box, White","HoneySky","$19.99","703","23","$14,053","07/05/2023","","3.9","34","","5,214","7","FBA","1","Baby","","","","https://www.amazon.com/dp/B0CB8Q376N"
"","","B0CDPVNTKD","Mifoci 2 Pieces Wooden Adult Man Woman Toy Box Storage with Lock and Key Wooden Storage Box Lockable Keepsake Box Toy Box Organizer Locking for Personal Items, Jewelry, Keepsake","Mifoci","$38.99","90","3","$3,509","08/03/2023","","2.6","8","","121,369","7","FBA","1","Health & Household","","","","https://www.amazon.com/dp/B0CDPVNTKD"
"","","B09QCPZM56","6 Pieces Adult Toy Storage Bag Microfiber Ski Goggle Bag Sunglasses Pouch Case Foldable Adjustable Drawstring Bag (9 x 11.8 Inch, 7 x 9.8 Inch, 5.9 x 5.9 Inch)","Flutesan","$14.99","419","9","$6,281","01/12/2022","$9.20","4.3","149","$5.79","61,620","7","FBA","1","Health & Household","Standard","8.31 x 1.89 x 10.94 in","5.29 oz","https://www.amazon.com/dp/B09QCPZM56"
"","","B0C73WQPJ9","MUOUM Double Sided Adult Storage Toy Bags Set (8 pieces in 3 sizes) Microfiber Drawstring Bag Toy Storage Adult Organizer Adult Bag","MUOUM","$14.99","170","7","$2,548","06/04/2023","$8.97","4.8","17","$6.02","75,007","7","FBA","1","Health & Household","Standard","9.45 x 1.57 x 13.66 in","8.4 oz","https://www.amazon.com/dp/B0C73WQPJ9"
"","","B09WTR66BP","Flutesan 10 Pcs Toy Storage Bags Adult Drawstring Bag Toy Bags Foldable Ditty Bag Multi Camping Bags Storage Adjustable Small Microfiber Stuff Sack for Storage(Black, 6 x 6/10 x 7/11.8 x 9 Inch)","Flutesan","$19.99","103","3","$2,059","10/07/2021","$13.22","4.3","209","$6.77","286,188","7","FBA","1","Clothing, Shoes & Jewelry","Standard","9.92 x 1.89 x 10.83 in","9.6 oz","https://www.amazon.com/dp/B09WTR66BP"
"","","B0CHVS2R4J","Multi Purpose Ditty Bag Toy Storage Bag Lock Box Travel Bag Receive Bag","Yumt","$36.99","60","1","$2,219","09/11/2023","$26.30","3.8","9","$10.69","554,311","6","FBA","1","Home & Kitchen","Standard","2 x 1 x 3 in","1.63 lb","https://www.amazon.com/dp/B0CHVS2R4J"
"","","B0BXSXHBLL","YOOLIFE Valentines Day Gifts for Her - Gifts for Women Initial Jute Tote Bag & Makeup Bag Birthday Gifts for Women Her Mom","YOOLIFE","$25.99","7,542","178","$196,017","03/07/2023","","4.6","1,413","","3,661","","FBA","2","Clothing, Shoes & Jewelry","","6.7 x 13.2 x 17 in","","https://www.amazon.com/dp/B0BXSXHBLL"
"","","B09CYLKTLJ","Greenstell Rattan Storage Basket, Brown, 65L Size, 22.2'L x 13.4'W x 13.4'H","GREENSTELL","$49.99","480","16","$23,995","11/28/2021","","4.6","706","","56,872","7","FBA","1","Home & Kitchen","","","","https://www.amazon.com/dp/B09CYLKTLJ"
"","","B06XHJXN8N","StorageWorks Storage Bins with Lids, Decorative Storage Boxes with Lids and Soft Rope Handles, Mixing of Beige, White & Ivory, Large, 3-Pack","StorageWorks","$37.99","1,456","48","$55,313","06/09/2017","$24.36","4.7","4,905","$13.63","18,594","6","FBA","3","Home & Kitchen","Standard","10.25 x 8 x 14.75 in","4 lb","https://www.amazon.com/dp/B06XHJXN8N"
"","","B0CQYNJQH9","Nuogo 30 Pcs Microfiber Drawstring Bags 3 Sizes Adult Toy Drawstring Bags, Microfiber Pouch Stuff Bags Drawstring Storage Bags for Jewelry Pouches Wedding Candy Gift Bags Lipstick Cosmetic (Black)","Nuogo","$26.99","60","2","$1,619","12/25/2023","","","","","150,076","7","FBA","1","Health & Household","","","","https://www.amazon.com/dp/B0CQYNJQH9"
"","","B0BNJY6XW1","Generic Modern Style Small Locking Storage Box, Black Wooden Box with Velvet Interior, 6' x 4' x 2'","Generic","$39.99","72","1","$2,879","11/27/2022","","3.7","20","","252,786","6","FBA","1","Health & Household","","","","https://www.amazon.com/dp/B0BNJY6XW1"
"","","B0B9BKZMSV","Hillban 20 Pcs Adult Game Toy Storage Bags Microfiber Drawstring Bags Adjustable Toys Organizer Foldable Ditty Bag Pouch Case for Game Toy Cosmetic, 3 Sizes (Pink)","","$17.99","360","12","$6,476","","","4.8","76","","49,639","","FBA","","Health & Household","","","","https://www.amazon.com/dp/B0B9BKZMSV"
"","","B0BFFCC6LG","6 Pcs 3 Sizes Adult Toy Storage Drawstring Storage Bags Microfiber Toy Bag Organizer Stuff Pouch Sack Drawstring Gift Bags for Jewelry Women Men Travel Camping Valentines Birthday Gifts, Dark Blue","Kingdder","$11.99","163","5","$1,954","09/14/2022","$7.27","4.6","66","$4.72","97,712","7","FBA","1","Health & Household","Standard","11.1 x 0.59 x 11.38 in","5.61 oz","https://www.amazon.com/dp/B0BFFCC6LG"
"","","B0B99KMYN7","Lola Creates Spice It Up Organizer - Bathroom Organizer for Fun Accessories - Durable Metal Drawer Organizer - Fancy Bedroom Organization Box - Funny Wedding Gift for Couple - Black Storage Organizers","Lola Creates Co.","$19.99","45","1","$899.55","08/09/2022","$11.20","4.4","40","$8.79","148,286","7","FBA","1","Kitchen & Dining","Standard","7.5 x 9 x 5.5 in","1.08 lb","https://www.amazon.com/dp/B0B99KMYN7"
"","","B0BCK9ZG53","Konohan Toy Storage Bag Adult Microfiber Drawstring Bags Adjustable Small Cloth Pouch Foldable Ditty Bag for Game Toy Cosmetic Glass (Pink, 12 x 9 Inch)","","$16.99","270","9","$4,587","","","4.7","142","","63,372","","FBA","","Health & Household","","","","https://www.amazon.com/dp/B0BCK9ZG53"
"","","B0C8N3LNP8","Amylove 32 Pcs Adult Game Toy Storage Bags Drawstring Gift Bags Pouches for Toys Lightweight Ditty Stuff Pouch Multi Purpose Foldable Compact Home Travel Toy Bag Sunglasses Pouch for Women, 4 Sizes","Amylove","$30.99","76","2","$2,355","09/08/2023","","5","8","","166,026","7","FBA","1","Health & Household","","","","https://www.amazon.com/dp/B0C8N3LNP8"
"","","B0C8NMRHLZ","9 Pcs Adult Game Toy Storage Bags Drawstring Gift Bags Pouches for Toys Lightweight Toy Organizer Stuff Sack Multi Purpose Foldable Ditty Bag Travel Pouch for Women, 3 Sizes (Navy Blue, Red, White)","Amylove","$15.99","343","14","$5,485","06/19/2023","$9.82","4.5","91","$6.17","44,620","7","FBA","1","Health & Household","Standard","8.94 x 0.79 x 12.71 in","8.47 oz","https://www.amazon.com/dp/B0C8NMRHLZ"
"","","B0CGV69FHJ","Amylove 9 Pcs Adult Game Toy Storage Bags Drawstring Funny Gift Bags Pouches for Toys Lightweight Toy Organizer Stuff Sack Multi Purpose Foldable Ditty Bag Travel Pouch for Women, 3 Sizes Printed Bags","Amylove","$15.99","90","3","$1,439","08/28/2023","$10.37","4","7","$5.62","142,418","7","FBA","1","Health & Household","Standard","10.63 x 0.63 x 13.39 in","10.23 oz","https://www.amazon.com/dp/B0CGV69FHJ"
"","","B09PY7R6TC","Junkin 18 Pcs Toy Storage Adult Foldable Ditty Bag Multi Purpose Cinch Pouch Camping Bags Adjustable Drawstring Bags Microfiber Pouch Stuff Sack for Home Storage Travel (3 Sizes)","Junkin","$19.99","49","1","$979.51","01/06/2022","$13.22","4.3","144","$6.77","236,044","7","FBA","1","Health & Household","Standard","9.96 x 0.83 x 11.65 in","9.91 oz","https://www.amazon.com/dp/B09PY7R6TC"
"","","B0CF2LPVFH","6 Pack Toy Storage Bag Adult Silk Drawstring Storage Bags Toys Organizer Multi Purpose Bags for Woman Man Couples, Game Toy, Travel, Camping, Cosmetic","GONGKANGYUAN","$16.99","164","4","$2,786","08/07/2023","","5","1","","100,970","7","FBA","1","Health & Household","","","","https://www.amazon.com/dp/B0CF2LPVFH"
"","","B0B619WVRW","WILLBOND 10 Set Toy Storage Adult Foldable Ditty Bag Toy Bags Multi Purpose Camping Bags Storage Adjustable Small Drawstring Bag Microfiber Pouch Stuff Sack (Hot Pink, 6 x 6/10 x 7/12 x 9 Inch)","WILLBOND","$16.99","30","1","$509.70","07/06/2022","","4.5","84","","261,394","7","FBA","1","Health & Household","","","","https://www.amazon.com/dp/B0B619WVRW"
"","","B0B4W3YD2X","15 Pcs Adult Toy Storage Bag Microfiber Drawstring Bag Foldable Ditty Toy Bags Multi Purpose Camping Storage Bags Adjustable Small Pouch Stuff Sack for Storage(Mixed Size)","Boao","$18.99","","","$569.70","06/22/2022","","4","43","","342,087","7","FBA","1","Sports & Outdoors","","","","https://www.amazon.com/dp/B0B4W3YD2X"
"","","B092J9WK4Y","MATEIN Cable Organizer Bag, Large Travel Storage Bag Durable Tool Case with Handle for Cellphone Cord Electronics Accessories, Carrying Tech Bag for IPad (Up to 12.9inch), Powerbank, Hard Drive, Black","MATEIN","$25.99","","","","07/09/2021","$18.32","4.6","8,177","$7.67","3,381","7","FBA","3","Climate Pledge Friendly","Standard","10.748 x 13.661 x 2.638 in","0.708 lb","https://www.amazon.com/dp/B092J9WK4Y"
"","","B0B2WC2HB2","Toy Storage Bag for Private Toys","LOTCAIN","$38.99","251","7","$9,786","05/31/2022","$26.41","4.1","56","$12.58","122,142","5","FBA","2","Home & Kitchen","Standard","2.4 x 11.7 x 9.1 in","0.42 kg","https://www.amazon.com/dp/B0B2WC2HB2"
"","","B0CGTDCW8W","LOTCAIN Locking Storage Box Lightweight Toy Organizer Portable Ditty Bag Travel Pouch","LOTCAIN","$39.99","128","5","$5,119","08/28/2023","$27.56","4.5","5","$12.43","160,063","6","FBA","1","Home & Kitchen","Standard","5.1 x 11.4 x 9.4 in","1.52 lb","https://www.amazon.com/dp/B0CGTDCW8W"
"","","B0946SQ7CV","Combination Locking Medicine Box with Portable Storage Case12.2''x 7.2''x 7.6'', Childproof Medication Lock OrganizerLockbox for Secure Cash, Jewelry, ID Documents (Purple/Medium)","HEWEI WORKS","$40.99","150","5","$6,149","05/04/2021","$23.62","4.3","411","$17.37","94,021","7","FBA","1","Health & Household","Oversize","8.7 x 12.71 x 8.07 in","2.8 lb","https://www.amazon.com/dp/B0946SQ7CV"
"","","B089PY5TTZ","ANMINY Storage Bins with Zipper Lid Storage Boxes with Handles PP Plastic Board Foldable Lidded Cotton Linen Fabric Home Cubes Baskets Closet Clothes Toys Organizer Containers - Gray, Small Size","ANMINY","$17.99","414","11","$7,448","06/03/2020","$7.96","4.7","423","$10.03","85,249","7","FBA","2","Home & Kitchen","Standard","6 x 10 x 15 in","1 lb","https://www.amazon.com/dp/B089PY5TTZ"
"","","B0C23MNKFN","TUSIASC Storage Box with Lock,Game Toy Storage Bags,Toy Box Organizer Portable Lock Box for Personal Items","TUSIASC","$36.99","53","3","$1,960","05/31/2023","","4.5","11","","295,592","6","FBA","1","Home & Kitchen","","","","https://www.amazon.com/dp/B0C23MNKFN"
"","","B0946SV6MJ","HEWEI WORKS Locking Box with Portable Storage Case, 14.2''x 7.2''x 8.2''Childproof Medication Lock Organizer, Lockbox for Documents & Valuables (Coffee/Large)","HEWEI WORKS","$49.99","216","6","$10,798","05/04/2021","$35.16","4.4","100","$14.83","82,396","7","FBA","1","Health & Household","Standard","7.2 x 8.2 x 14.2 in","2.8 lb","https://www.amazon.com/dp/B0946SV6MJ"
"","","B0C61BF62S","SafeDelux Large Storage Bag with Combination Lock, Portable Lock Bag Set Travel Case Great Christmas Gifts for Men & Women (Black)","SafeDelux","$27.99","619","16","$17,326","08/10/2023","","4.7","71","","40,120","6","FBA","1","Health & Household","","","","https://www.amazon.com/dp/B0C61BF62S"
"","","B0CQLNFHSP","SWTYMIKI Large Toy Box with Wheels Big Toy Chest for Kids Toy Storage Organizer Bins, Toy Boxes for Kids Girls Boys, Stuffed Animals, Clothes, Playhouse Nursery Bedroom 23.6' L x 17.7' H x 11.8' W","SWTYMIKI","$30.99","130","6","$4,029","12/20/2023","","","","","14,987","7","FBA","1","Baby","","","","https://www.amazon.com/dp/B0CQLNFHSP"
"","","B0CBJTGPQT","PODAHO Extra Large Multi-Use Cosmetic Storage Bag with Combination Lock, Premium Organization Storage Case For Home and Travel, 10 X 8 X 4 Inches, Grey","PODAHO","$27.80","43","2","$1,195","07/04/2023","","5","5","","138,778","7","FBA","1","Beauty & Personal Care","","","","https://www.amazon.com/dp/B0CBJTGPQT"
"","","B0BFQRC79X","WILLBOND 6 Pieces Toy Storage Adult Bags Foldable Toy Storage Adult Bags Multi Purpose Toys Storage 3 Sizes Adjustable Ditty Bag Microfiber Pouch for Game Toy Home Storage Travel, Hot Pink","WILLBOND","$14.99","23","","$344.77","09/18/2022","","4.8","17","","289,315","7","FBA","1","Health & Household","","","","https://www.amazon.com/dp/B0BFQRC79X"
"","","B078WNL3R6","iwill CREATE PRO Under Bed Storage Container, Underbed Shoe Storage Organizer Box with Lid,Dark Gray","iwill CREATE PRO","$17.99","916","26","$16,479","01/07/2018","$9.50","4.7","6,426","$8.49","36,468","6","FBA","1","Home & Kitchen","Standard","9.5 x 2 x 16 in","1.8 lb","https://www.amazon.com/dp/B078WNL3R6"
"","","B0CJQVP3FT","WCGXKO Adult Design Naughty Sexy Gift Masturbation Kit Good Vibes Vibrator Zipper Pouch Sex Toy Accessory Bag (Good Vibes)","WCGXKO","$14.89","","","","10/08/2023","","","","","","7","FBA","1","","","","","https://www.amazon.com/dp/B0CJQVP3FT"
"","","B098XH2LCN","TACKMETER 5Pcs Drawstring Storage Bag for Toys Adult Game Toys Lint Travel Bags (Black(32cm x22cm/12.6 x 8.7 inch))","KKmeter","$12.99","23","","$298.77","07/07/2021","$7.50","4.3","45","$5.49","335,069","6","FBA","1","Health & Household","Standard","9.8 x 1.38 x 12.87 in","1.44 oz","https://www.amazon.com/dp/B098XH2LCN"
"","","B087GDLC5N","8PCS Drawstring Storage Bag Travel Bags for Toys Receive Bag Pouch Case Lint Organize Light Weight Stuff Storage Pouch","homekit","$7.55","102","4","$770.10","04/21/2020","$3.41","4.1","484","$4.14","105,824","6","FBA","1","Health & Household","Standard","7.01 x 1.14 x 7.05 in","1.44 oz","https://www.amazon.com/dp/B087GDLC5N"
"","","B0BL2WNQ3S","Toy Storage Bag,Multi Purpose Bags Storage,Locking Storage Box","TEFGTER","$23.99","90","3","$2,159","01/15/2023","","1","1","","259,145","6","FBA","1","Home & Kitchen","","","","https://www.amazon.com/dp/B0BL2WNQ3S"
"","","B07XYS58D2","Wildkin Toiletry Bag for Boys and Girls, Stay Organized on the Go with Our Spacious and Multifunctional Toiletry Bags, Ideal for School, Weekend, or Overnight Travel","Wildkin","$21.99","","","$0.00","09/16/2019","$15.15","4.5","38","$6.84","397,646","8","FBA","1","Beauty & Personal Care","Standard","5 x 5 x 9.5 in","4.16 oz","https://www.amazon.com/dp/B07XYS58D2"
"","","B0CPWLV1Y5","LeArex Under Bed Storage Containers with Wheels 2 Pack Under Bed Shoe Storage Bins Bedroom Storage Organizer Large Capacity Under Bed Rolling Storage with Lid for Clothes Shoes Toys Books Blankets","LeArex","$58.99","90","3","$5,309","01/24/2024","","","","","275,269","7","FBA","1","Home & Kitchen","","","","https://www.amazon.com/dp/B0CPWLV1Y5"
"","","B0BBRK4R1C","Onlyeasy 2 Pack Large Under Bed Shoe Storage Organizers with Handles & Clear window (14 +14 Pairs), Sturdy Underbed Box Bags for Kids & Adults, Linen-like Black, MXAUBS14S14","Onlyeasy","$22.99","10,341","337","$237,740","10/20/2022","","4.5","18,155","","1,353","6","FBA","1","Home & Kitchen","","","","https://www.amazon.com/dp/B0BBRK4R1C"
"","","B0CKYVCCTQ","INSTY Shoe Organizer for Closet, Fits 16 Pairs, Shoe Storage Bins with Clear Cover, Adjustable Dividers, and Foldable Shoe Storage Boxes, Fit Children Adult Teen Shoes","INSTY","$29.99","316","11","$9,477","11/26/2023","","4.5","136","","86,117","6","FBA","1","Home & Kitchen","","","","https://www.amazon.com/dp/B0CKYVCCTQ"
"","","B0CJFJCMHG","Sliner 2 Pcs Stuffed Storage Bean Bag Chair Cover for Kids Adults (no Filler) Large Stuffable Zipper Beanbag Cover Bean Bag Chairs Cover for Organizing Plush Toys or Memory Foam(Gray)","Sliner","$29.99","298","7","$8,937","09/19/2023","","4.3","10","","119,973","6","FBA","1","Home & Kitchen","","","","https://www.amazon.com/dp/B0CJFJCMHG"
"","","B0BCJTDTMQ","ANMINY Storage Bin with Lid Storage Boxes with PU Leather Handles PP Plastic Board Decorative Foldable Lidded Cotton Linen Fabric Home Cubes Baskets Closet Organizer Container - Blue, Small Size","ANMINY","$12.99","2,136","57","$27,747","08/30/2022","","4.6","286","","15,505","6","FBA","1","Home & Kitchen","","","","https://www.amazon.com/dp/B0BCJTDTMQ"
"","","B08C9X5VBQ","PRANDOM Larger Collapsible Storage Bin with Lid [1-Pack] Fabric Decorative Storage Box Cube Organizer Container Baskes with Handles Divider for Bedroom Closet Living Room Pink 17.7x11.8x11.8 Inch","PRANDOM","$16.99","2,527","77","$42,934","11/22/2018","$9.30","4.6","4,810","$7.69","10,974","6","FBA","1","Home & Kitchen","Standard","11.4 x 17.3 x 1.3 in","1.85 lb","https://www.amazon.com/dp/B08C9X5VBQ"
"","","B0B24GGF17","Onietoiy Big 32 Steps Wooden Secret Puzzle Box Toys Beech Wood Money Holder Handmade Storage Brain Teaser Unlocking Games Retro Compartment Thinking Toy Mysterious Birthday Gift for Kids and Adults","onietoiy","$29.99","336","27","$10,077","11/07/2022","","4.5","299","","10,793","7","FBA","1","Toys & Games","","","","https://www.amazon.com/dp/B0B24GGF17"
"","","B0CLGT5RQH","Cevioce Sensory Slug Fidget Toys,Fidget Slug Toys for Adults & Kids Party Favors,2Pcs Cute Autism Sensory Toys for Autistic Children,Toddler Toys Age 3+,Travel Toys for 3+ Year OldL","Cevioce","$11.99","360","12","$4,316","12/18/2023","","4.7","295","","25,507","","FBA","1","Toys & Games","","","","https://www.amazon.com/dp/B0CLGT5RQH"