"Export time:  2/11/2024, 3:10:42 AM","","ASIN","Product Name","Brand","Price","Monthly Units Sold","Daily Units Sold","Monthly Revenue","Date First Available","Net Revenue","Star Rating","Reviews","Amazon Fees","BSR","LQS","Seller Type","Sellers","Category","Product Tier","Dimensions","Weight","Link"
"","","B084H7K9LY","Glass Food Storage Containers with Bamboo Lids (4 Pack, 36 Ounce) Eco Friendly Meal Prep Containers Airtight  Plastic Free, BPA Free","Verel","$38.97","1,773","49","$69,094","05/03/2020","$25.49","4.4","1,975","$13.48","5,364","6","FBA","3","Kitchen & Dining","Standard","9.2 x 11.7 x 7.1 in","7.851 lb","https://www.amazon.com/dp/B084H7K9LY"
"glass food containers with bamboo lids","","B089Y57S9L","Urban Green Glass Jars with Wood Lids, 6 Sets, Food Storage Containers, 3.7in Canister Diameter, Oven Safe, Reusable, BPA Free","Urban Green","$36.99","324","15","$11,985","04/29/2020","$23.81","4.3","1,118","$13.18","18,540","7","FBA","1","Kitchen & Dining","Standard","12.9 x 5.9 x 13 in","5.31 lb","https://www.amazon.com/dp/B089Y57S9L"
"Average Monthly Sales: 1,324","","B0C85561NJ","Utile Thick Glass Food Jar with Pine Wood Lid, 6 PCS of Vol.290ml/9.8oz, Sturdy Glass Airtight Canisters set for Cookie, Pasta, Coffee Beans, 4045.0101.6","Utile","$24.99","","","$0.00","06/14/2023","$15.56","4.1","13","$9.43","331,737","6","FBA","1","Kitchen & Dining","Standard","4.7 x 2.1 x 8.2 in","3.16 lb","https://www.amazon.com/dp/B0C85561NJ"
"Average Revenue: $43,768","","B09KR7WXJF","ComSaf Glass Storage Containers with Lids 37fl.oz, Glass Jars with Bamboo Lids, Clear Food Storage Jar, Glass Canister For Pantry Noodles Flour Cereal Rice Sugar Tea Coffee Beans, Square Set of 4","ComSaf","$34.99","3,561","138","$124,599","10/31/2021","$22.71","4.5","3,563","$12.28","1,461","6","FBA","7","Kitchen & Dining","Standard","9.76 x 14.8 x 5.39 in","3.92 lb","https://www.amazon.com/dp/B09KR7WXJF"
"Average Price: $32.81","","B0C4SML7SY","Vtopmart Glass Food Storage Containers with Bamboo Lids, 4 Pack Meal Prep Glass Containers Bento Lunch Box, Safe for Microwave, Oven, Freezer and Dishwasher, BPA Free","Vtopmart","$24.99","669","28","$16,718","05/09/2023","$13.91","4.2","51","$11.08","9,964","7","FBA","2","Kitchen & Dining","Standard","5.8 x 2.6 x 7.8 in","6.27 lb","https://www.amazon.com/dp/B0C4SML7SY"
"Average No. of Ratings: 1,257","","B0C45JPGL2","Urban Green Glass Container with Bamboo Lid, 2 Pack of 50oz, Large Glass food storage Container with Lids, Glass Meal Prep Containers Set, Glass Containers set of 2, Glass Food Containers","Urban Green","$27.99","240","7","$6,718","04/25/2022","$16.76","3.8","428","$11.23","37,181","7","FBA","2","Kitchen & Dining","Standard","7 x 6 x 9 in","5.3 lb","https://www.amazon.com/dp/B0C45JPGL2"
"Average Sales Rank: 55,679","","B0CGNTQNQK","FS TRENDS 16PCs Glass Baby Food Storage Containers 4 Oz Baby Food Storage Jars with Airtight Lids 6 Assorted Colors, Leak Proof, Reusable Small Containers, Freezer Storage & Microwave Safe","FS TRENDS","$21.99","30","1","$659.70","08/25/2023","","4.7","12","","41,671","7","FBA","1","Baby","Oversize","14.25 x 3.82 x 14.25 in","6.98 lb","https://www.amazon.com/dp/B0CGNTQNQK"
"Average Rating Number: 4.5","","B0CNGMKKM2","ComSaf 61oz Glass Storage Containers with Lids, Glass Jars with Bamboo Lids, Clear Food Storage Jar, Square Glass Canister Set of 3, Pantry Organizers and Storage for Flour Rice Pasta Tea Coffee Bean","ComSaf","$29.99","579","24","$17,364","12/29/2023","$18.46","4.4","13","$11.53","11,646","7","FBA","1","Kitchen & Dining","Standard","10.91 x 5.08 x 14.25 in","4.03 lb","https://www.amazon.com/dp/B0CNGMKKM2"
"","","B0CKVRKN4B","VERONES 5 Pack Glass Meal Prep Containers 3 Compartment Set, 36OZ Airtight Glass Lunch Containers, Glass Food Storage Containers with Lids, for Microwave, Oven, Freezer & Dishwasher Friendly,Grey","VERONES","$29.99","540","18","$16,195","12/10/2023","","4.7","84","","15,417","","FBA","1","Kitchen & Dining","","","","https://www.amazon.com/dp/B0CKVRKN4B"
"","","B07HRRV96C","M MCIRCO 10-Pack, 22 Oz Glass Food Storage Containers with Lids, BPA Free, Microwave, Oven, Freezer and Dishwasher Safe, Gray","M MCIRCO","$39.99","4,767","126","$190,632","09/27/2018","$28.85","4.7","5,910","$11.14","1,670","6","FBA","4","Kitchen & Dining","Standard","4.5 x 2.2 x 6.2 in","1.38 lb","https://www.amazon.com/dp/B07HRRV96C"
"","","B0CKVRV977","VERONES 5 Pack Glass Meal Prep Containers 2 Compartment Set, 36OZ Airtight Glass Lunch Containers, Glass Food Storage Containers with Lids, for Microwave, Oven, Freezer & Dishwasher Friendly,Gray","VERONES","$29.99","513","18","$15,385","10/10/2023","$17.26","4.8","75","$12.73","15,429","7","FBA","1","Kitchen & Dining","Standard","6.5 x 3 x 8 in","9.04 lb","https://www.amazon.com/dp/B0CKVRV977"
"","","B07S37N2FY","GREENER CHEF Glass Food Storage Containers with Lids (Bamboo) - 4 Piece Value Set - The Most Ecofriendly Glass Containers - Airtight, Glass Meal Prep Containers or Glass Food Containers","Greener Chef","$24.99","557","17","$13,919","10/15/2019","$13.31","4.2","2,039","$11.68","16,181","6","FBA","2","Kitchen & Dining","Standard","9.65 x 6.85 x 11.57 in","8.11 lb","https://www.amazon.com/dp/B07S37N2FY"
"","","B0BTZ3QH15","EcoPreps Glass Food Storage Containers with Bamboo Lids【4 Pack】100% Plastic Free, Eco-Friendly, Oven & Microwave Safe Glass Meal Prep Containers, Glass Lunch Containers | Bamboo Lid Storage Containers","EcoPreps","$44.95","459","9","$20,632","02/05/2023","$30.58","4.4","126","$14.37","29,155","7","FBA","1","Kitchen & Dining","Standard","7 x 6 x 9 in","7.13 lb","https://www.amazon.com/dp/B0BTZ3QH15"
"","","B08B4WDZ4L","DE Glass Food Storage Containers with Bamboo Lids (3 Pack, 51 Ounce) Eco Friendly Meal Prep Containers Reusable  Airtight, Plastic Free, BPA Free","DE","$39.99","514","15","$20,555","07/12/2023","$26.36","4.4","1,234","$13.63","19,087","6","FBA","1","Kitchen & Dining","Standard","7 x 9 x 9 in","7.74 lb","https://www.amazon.com/dp/B08B4WDZ4L"
"","","B09QXJHQ3K","Urban Green Glass Jar with Bamboo Lid, Glass Food Storage Jar with Airtight Lid, 6 pack of 26oz, Glass Food Storage Container with Bamboo Lid, Glass Pantry Jars, Glass Pantry Storage Jars","Urban Green","$39.99","359","8","$14,356","11/30/2020","$26.96","4.4","513","$13.03","32,481","6","FBA","1","Kitchen & Dining","Standard","10 x 10 x 5 in","5.34 lb","https://www.amazon.com/dp/B09QXJHQ3K"
"","","B0CGHTF85R","Glass Food Storage Jars 37 oz Set of 6,Glass Storage Containers Clear Glass Food Canister with Bamboo Lid Airtight For Serving Tea, Coffee, Flour, Sugar, Candy, Cookie, Spice and More (Square)","Liuruiyu","$26.99","2,431","81","$65,613","11/01/2023","","4.7","1,181","","2,949","7","FBA","2","Kitchen & Dining","","","","https://www.amazon.com/dp/B0CGHTF85R"
"","","B0CC5TTFRC","AISIPRIN Glass Food Storage Containers with Bamboo Lids,5 Pack Airtight Glass Jars with Screw On Lid, Pasta, Cereal, Sugar Flour Containers Storage, Kitchen Canisters 80oz 50oz 27oz With 42 Lables","","$29.51","390","13","$11,509","10/03/2023","","4.7","85","","20,921","","FBA","","Kitchen & Dining","","","","https://www.amazon.com/dp/B0CC5TTFRC"
"","","B0CFG2KTR3","Micheva Trading Company Extra Large Airtight Glass Food Storage Containers with Bamboo Lids, 100 FL OZ (3000 ml), 2-Pack","Micheva Trading Company","$25.98","86","3","$2,234","08/10/2023","$14.15","4.7","13","$11.83","87,647","6","FBA","1","Kitchen & Dining","Standard","7.5 x 10.5 x 14.5 in","4.88 lb","https://www.amazon.com/dp/B0CFG2KTR3"
"","","B09Y5WVTMD","Mfacoy Set of 4 Airtight Glass Jars with Bamboo Lids & Spoons, 17 oz Borosilicate Glass Jars Containers, Clear Food Storage Canister for Cookie, Candy, Coffee, Sugar, Matcha Tea, Flour","Mfacoy","$20.99","964","25","$20,234","04/17/2022","$12.70","4.6","318","$8.29","11,101","7","FBA","1","Kitchen & Dining","Standard","3.15 x 2.36 x 1.97 in","1.06 lb","https://www.amazon.com/dp/B09Y5WVTMD"
"","","B0BN35LN44","Gencywe Glass Storage Jars with Airtight Bamboo Lid, 27 OZ, Black, Clear Glass, Silicone, 6 Packs","Gencywe","$25.99","937","31","$24,353","11/21/2022","$15.36","4.6","231","$10.63","8,721","7","FBA","3","Kitchen & Dining","Standard","6 x 7 x 5 in","4.8 lb","https://www.amazon.com/dp/B0BN35LN44"
"","","B08K3TTLMD","EcoEvo Glass Jars with Bamboo Lids, Glass Food Jars and Canisters Sets, Large Glass Food Storage containers with Bamboo Lids, Glass Flour Jars, Cookie Jars (2 Pack of 100oz)","EcoEvo","$39.99","514","17","$20,555","12/18/2020","$26.96","4.6","1,118","$13.03","15,962","8","FBA","1","Kitchen & Dining","Standard","6 x 8.25 x 6 in","5.02 lb","https://www.amazon.com/dp/B08K3TTLMD"
"","","B0859TSG3V","Urban Green Glass Jar with Bamboo Lids, Glass Airtight food Storage Containers, Glass Canister set, Spice Jar, Glass storage containers with lids, Pantry Organization and Storage set of 5","Urban Green","$29.99","357","10","$10,706","10/28/2019","$17.86","4.6","2,726","$12.13","26,168","8","FBA","1","Kitchen & Dining","Standard","13.27 x 5.67 x 13.5 in","5.3 lb","https://www.amazon.com/dp/B0859TSG3V"
"","","B0C855MPQ3","Utile Thick Glass Food Jar Set with Pine Wood Lid, 4PCS of Vol.440ml, 1PC of Vol.1080ml, Sturdy Glass Airtight Canisters set for Cookie, Pasta, Coffee Beans, 4045.2002.1","Utile","$31.99","","","$0.00","06/14/2023","$24.96","4.4","9","$7.03","1,195,643","6","FBA","1","Kitchen & Dining","Standard","6.3 x 2.4 x 8.4 in","4.71 lb","https://www.amazon.com/dp/B0C855MPQ3"
"","","B0CNP8TKX6","Brajttt Glass Jar 32oz,Set of 4 Jar with Lid,Airtight Glass Storage Jar with Wooden Lid, Glass Food Storage Containers for Kitchen Counter, Pantry, Coffee, Tea, Sugar, Cookie, Candy","Brajttt","$21.99","840","28","$18,472","11/19/2023","$12.41","4.9","16","$9.58","9,713","6","FBA","1","Kitchen & Dining","Standard","3 x 3 x 2 in","5.44 lb","https://www.amazon.com/dp/B0CNP8TKX6"
"","","B0C61CQ3N4","AMOTIE Set of 3 Glass Food Storage Containers with Airtight Bamboo Lid, Glass Storage Canisters, Large Glass Food Jar, Glass Flour and Sugar Containers","AMOTIE","$20.99","140","4","$2,939","05/22/2023","$11.41","4.6","40","$9.58","57,759","6","FBA","1","Kitchen & Dining","Standard","4 x 5 x 4 in","3.55 lb","https://www.amazon.com/dp/B0C61CQ3N4"
"","","B0CJR4LMD8","LEAVES AND TREES Y Glass Storage Canister with Wooden Lid, Set of 7 Square Glass Jars with Bamboo Lids, Glass Food Storage Containers for Pasta, Cereal, Flour, Sugar, Best for Kitchen & Pantry","LEAVES AND TREES Y","$26.99","920","28","$24,831","07/26/2021","$16.21","4.7","3,447","$10.78","9,821","7","FBA","1","Kitchen & Dining","Standard","11.93 x 4.92 x 12.44 in","4.77 lb","https://www.amazon.com/dp/B0CJR4LMD8"
"","","B09NW4NR54","dokaworld Glass Mixing Bowls - Nesting Bowls - Cute Collapsible Glass Bowls with Lids Food Storage - 5 Stackable Microwave Safe Glass Containers - Salad Bamboo Mixing Bowls - Baking Bowls for Kitchen","dokaworld","$64.99","1,140","39","$74,089","10/21/2021","","4.4","1,148","","6,834","6","FBA","1","Kitchen & Dining","","","","https://www.amazon.com/dp/B09NW4NR54"
"","","B09WY8C75F","NEPIVEL 4 Pack Glass Jars with Bamboo Lids, 18.5Oz Containers Airtight Lid and Spoons,100% Sealed Spice for Candy Coffee Beans Sugar Nuts Cookies,540ml","NEPIVEL","$23.90","780","26","$18,642","05/06/2022","$14.32","4.6","467","$9.58","10,658","7","FBA","4","Kitchen & Dining","Standard","7.48 x 11.2 x 5.43 in","1.78 lb","https://www.amazon.com/dp/B09WY8C75F"
"","","B0BDFVTF19","Tessco 5 Pieces Glass Containers with Bamboo Lids 36 oz/ 1040 ml Airtight Glass Food Storage Containers Microwave Oven Freezer Glass Bowls with Lids for Lunch Meal Pantry Cabinet Organization","Tessco","$38.99","50","","$1,950","11/02/2022","","3.4","28","","214,187","7","FBA","1","Kitchen & Dining","","","","https://www.amazon.com/dp/B0BDFVTF19"
"","","B0B27X7HFZ","Vtopmart Glass Food Storage Jars, 7 Pack Food Containers with Airtight Bamboo Wooden Lids for Pasta, Cookies, Nuts, Coffee Beans, Cereal, Glass Canisters for Kitchen, Pantry Organization, BPA Free","Vtopmart","$26.99","2,691","95","$72,630","05/24/2022","$15.91","4.5","1,230","$11.08","2,428","6","FBA","2","Kitchen & Dining","Standard","3.93 x 11.81 x 11.81 in","5.35 lb","https://www.amazon.com/dp/B0B27X7HFZ"
"","","B08C565DRV","ComSaf Airtight Glass Storage Canister with Wood Lid (50oz), Clear Food Storage Container Jar with Sealing Bamboo Lid for Noodles Flour Cereal Rice Sugar Tea Coffee Beans, Set of 3","ComSaf","$34.99","3,646","138","$127,574","06/30/2020","$22.71","4.5","3,563","$12.28","1,461","6","FBA","8","Kitchen & Dining","Standard","10.315 x 14.606 x 5.472 in","3.721 lb","https://www.amazon.com/dp/B08C565DRV"
"","","B09883VC9T","Dearwell Glass Food Storage Containers, 32 oz Capacity, Set of 6 with Airtight Bamboo Lids, Safe, Stylish, and Functional","Dearwell","$27.98","360","9","$10,073","06/28/2021","$16.15","4.6","205","$11.83","29,398","7","FBA","1","Kitchen & Dining","Standard","10.04 x 7.48 x 14.37 in","2 lb","https://www.amazon.com/dp/B09883VC9T"
"","","B07SH6WHCT","Flrolove Glass Food Storage Containers Set,Airtight Food Jars with Bamboo Wooden Lids - Set of 5 Kitchen Canisters For Sugar,Candy, Cookie, Rice and Spice Jars","Flrolove","$25.99","597","19","$15,516","05/29/2019","$13.86","4.6","3,336","$12.13","14,992","6","FBA","1","Kitchen & Dining","Standard","13.46 x 6.24 x 16.42 in","5.88 lb","https://www.amazon.com/dp/B07SH6WHCT"
"","","B08C7JXHXG","35oz/1000ml Clear Glass Food Storage Containers Set Airtight Food Jars with Bamboo Wooden Lids Kitchen Canisters For Sugar, Candy, Cookie, Rice and Spice Jars - Set of 6","Flrolove","$26.99","174","4","$4,696","07/01/2020","$14.71","4.5","402","$12.28","59,974","6","FBA","1","Kitchen & Dining","Standard","10.59 x 15.2 x 7.95 in","5.891 lb","https://www.amazon.com/dp/B08C7JXHXG"
"","","B0BXX1TWLW","LIBWYS Square Pantry Glass Storage Jars with Bamboo Lids Set of 12, 297oz Airtight Food Containers Kitchen Storage Jars - Dishwasher Safe (12pack)","LIBWYS","$49.99","654","23","$32,693","09/04/2023","$34.56","4.4","613","$15.43","12,287","6","FBA","2","Kitchen & Dining","Standard","3.15 x 7.87 x 3.15 in","8.23 lb","https://www.amazon.com/dp/B0BXX1TWLW"
"","","B0CNGMLPNJ","ComSaf 45oz Glass Storage Containers with Lids, Glass Jars with Bamboo Lids, Clear Food Storage Jar, Square Glass Canister Set of 3, Pantry Organizers and Storage for Flour Oat Pasta Tea Coffee Bean","","$26.99","810","27","$21,862","","","4.4","13","","10,428","","FBA","","Kitchen & Dining","","","","https://www.amazon.com/dp/B0CNGMLPNJ"
"","","B0CN4MNXX7","Spreccio Set of 6 Airtight Glass Jars with Bamboo Lids and Spoons, 22 OZ Glass Food Storage Jars Perfect for Coffee, Tea, Sugar, Spices, Beans, and More","Spreccio","$27.99","172","6","$4,814","11/10/2023","$18.00","5","1","$9.99","47,067","7","FBA","1","Kitchen & Dining","Standard","3.34 x 4.72 x 3.34 in","2.87 lb","https://www.amazon.com/dp/B0CN4MNXX7"
"","","B0BX94KNPT","ComSaf Glass Pantry Storage Containers, 138/50 oz Large Square Flour and Sugar Containers with Airtight Lids, Gallon Glass Jars with Bamboo Lids for Rice, Pasta, Cookies, Coffee Beans","ComSaf","$32.99","1,799","80","$59,349","04/19/2023","","4.6","1,778","","3,014","6","FBA","4","Kitchen & Dining","","","","https://www.amazon.com/dp/B0BX94KNPT"
"","","B0B24SLH1D","umieo Glass Food Storage Containers with Bamboo Lids Large Glass Food Storage Jars for Coffee Bar Tea Sugar (Clear Glass)","umieo","$13.99","652","17","$9,121","06/20/2022","$7.37","4.5","401","$6.62","16,176","7","FBA","1","Kitchen & Dining","Standard","4.9 x 4.9 x 9.6 in","15.2 oz","https://www.amazon.com/dp/B0B24SLH1D"
"","","B0CMWLVJGT","CZZGSM 6 Pack Square Glass Kitchen Storage Jars with Airtight Bamboo Lids and 132 Pantry Labels - 35oz Glass Canisters With Wood Lids - Glass Food Storage Containers for Coffee, Cookie, Tea, Spice","CZZGSM","$33.79","252","16","$8,515","11/07/2023","$16.74","4.7","20","$17.05","17,715","7","FBA","1","Kitchen & Dining","Oversize","11 x 10 x 11 in","6.28 lb","https://www.amazon.com/dp/B0CMWLVJGT"
"","","B08B6CSCNL","Dabacc 4 Pack Glass Jars with Airtight Bamboo Lids, Glass Kitchen Canisters Clear Container for Food Storage of Dry Goods, Cookie, Candy, Spices, Coffee Beans and More, 18.6 OZ","Dabacc","$20.99","580","18","$12,174","06/14/2020","$12.05","4.6","876","$8.94","15,748","7","FBA","1","Kitchen & Dining","Standard","3.94 x 3.94 x 3.94 in","2.97 lb","https://www.amazon.com/dp/B08B6CSCNL"
"","","B0CNXTGNYS","ComSaf 25oz Glass Food Storage Jars Set of 6, Clear Glass Storage Containers with Bamboo Lids, Pantry Organization Jar, Spice, Blooming Tea, Coffee and Sugar Container, Small Canister Set for Kitchen","ComSaf","$33.99","625","27","$21,244","01/06/2024","$21.86","4.8","12","$12.13","10,093","7","FBA","2","Kitchen & Dining","Standard","4 x 4.72 x 4.72 in","5.24 lb","https://www.amazon.com/dp/B0CNXTGNYS"
"","","B0861D6VF4","Urban Green Glass Container Bamboo Lids, XXLarge Size, 76oz/2260ml, 2 Pack, Microwave-Oven-Freezer Safe, Eco-Friendly","Urban Green","$39.89","457","9","$18,230","06/05/2020","$26.28","4.2","2,205","$13.61","30,976","7","FBA","1","Kitchen & Dining","Standard","10.55 x 16.14 x 4.17 in","7.941 lb","https://www.amazon.com/dp/B0861D6VF4"
"","","B07SBGSYMJ","Ello Duraglass 3.4 Cup Meal Prep Sets 10Pc, 5 Pack Set- Glass Food Storage Container with Silicone Sleeve and Airtight BPA-Free Plastic Lids, Dishwasher, Microwave, and Freezer Safe, Evening Orchard","Ello","$44.99","5,536","175","$249,065","05/23/2019","$30.31","4.8","5,063","$14.68","1,043","7","AMZ","2","Kitchen & Dining","Standard","6.89 x 8.98 x 14.72 in","8.15 lb","https://www.amazon.com/dp/B07SBGSYMJ"
"","","B0BFVV12KG","Claplante 8 Pack Glass Food Storage Containers Jars with Airtight Bamboo Lid, 30oz Pantry Organization Jar for Spice, Tea, Flour & Sugar Container, Canister Set for Kitchen Counter, Glass Terrarium","Claplante","$29.99","49","1","$1,470","09/19/2022","$17.86","4.5","82","$12.13","205,360","6","FBA","2","Kitchen & Dining","Standard","3.35 x 7.87 x 3.35 in","7.39 lb","https://www.amazon.com/dp/B0BFVV12KG"
"","","B0BMG3MPCM","Glass Food Storage Containers with Bamboo Lids (Pack of 2) - Stackable Meal Prep Container - Airtight Glass Food Containers with Lids - Microwave, Dishwasher Safe - Reusable Glass Lunch Pack - 36 Oz","Prosumer's Choice","$28.99","35","1","$1,015","03/14/2023","$15.32","4.4","34","$13.67","172,155","6","FBA","2","Kitchen & Dining","Oversize","5.78 x 2.36 x 19.7 in","1.6 lb","https://www.amazon.com/dp/B0BMG3MPCM"
"","","B0CRBJCQLC","Glass meal prep lunch box 3 compartment With Bamboo Lids Eco-Friendly 100% Plastic Free Dishwasher/Oven Safe Divided Glass Meal Prep Containers [3 Pack]","Generic","$44.99","42","1","$1,890","01/01/2024","$31.36","","","$13.63","131,090","8","FBA","1","Kitchen & Dining","Standard","6 x 3 x 8 in","7.2 lb","https://www.amazon.com/dp/B0CRBJCQLC"
"","","B0CMWMRWP2","YUNCANG Glass Storage Jars 27oz [Set of 6],Clear Glass Food Storage Containers with Airtight Bamboo Lid Stackable Kitchen Canisters for Candy,Cookie,Rice,Sugar,Flour,Pasta(Square)","YUNCANG","$23.99","2,940","98","$70,531","08/15/2020","$14.26","4.7","1,606","$9.73","2,320","7","FBA","1","Kitchen & Dining","Standard","10 x 4 x 13 in","4.36 lb","https://www.amazon.com/dp/B0CMWMRWP2"
"","","B09VBBHYKF","Glass Food Storage Containers with Bamboo Lids Eco-Friendly, set of 5, Airtight, Pantry Organization, Meal Prep Glass Containers. Plastic Free. BPA Free. Microwave Oven Dishwasher and Freezer Safe","HOMEARRAY","$47.99","73","2","$3,503","03/09/2022","$33.33","4.3","57","$14.66","112,001","8","FBA","2","Kitchen & Dining","Standard","6.5 x 2.75 x 8.75 in","8.12 lb","https://www.amazon.com/dp/B09VBBHYKF"
"","","B08NF1X2HJ","ComSaf Glass Spaghetti Pasta Storage Container with Lids 74oz Set of 3, Tall Clear Airtight Food Storage Jar with Bamboo Cover Kitchen Pantry Storage Container for Noodles Flour Cereal Coffee Beans","ComSaf","$25.45","1,680","46","$42,756","11/12/2020","$14.00","4.6","5,039","$11.45","5,816","6","FBA","5","Kitchen & Dining","Standard","13.5 x 14.764 x 5.079 in","4.233 lb","https://www.amazon.com/dp/B08NF1X2HJ"
"","","B0BRQD6BC5","HomArtist Large Glass Flour and Sugar Containers 180oz x2 & 93oz x2 [Set of 4], Glass Food Storage Containers with Bamboo Lids, Glass Jar with Airtight Lid for Spaghetti Pasta,Rice,Cereal,Coffee, Oat","HomArtist","$46.98","2,549","61","$119,752","02/14/2023","$33.50","4.5","355","$13.48","4,152","7","FBA","1","Kitchen & Dining","Standard","5.91 x 11.82 x 5.91 in","4 lb","https://www.amazon.com/dp/B0BRQD6BC5"
"","","B0CBRYBJTT","GC GENICOOK Glass Food Storage Jars,Spaghetti Pasta Storage Container,Borosilcate Glass Canister Set with Eco-Friendly Bamboo Lids for Noodles Flour Cereal Coffee Beans - 10 pc set","GC GENICOOK","$36.98","194","6","$7,174","07/12/2023","$24.70","4.6","80","$12.28","41,050","7","FBA","2","Kitchen & Dining","Standard","3.5 x 10 x 11 in","4.07 lb","https://www.amazon.com/dp/B0CBRYBJTT"
"","","B0B4VBK25G","5 Pcs Glass Food Storage Containers With 132 Pantry Labels Preprinted - Thicken(3mm) Jars Airtight Bamboo Lid Stackable Kitchen Canisters Set For Candy, Cookie, Rice, Sugar, Flour","HHMJSM","$34.89","979","34","$34,157","06/22/2022","$22.33","4.6","331","$12.56","8,036","7","FBA","2","Kitchen & Dining","Standard","13.03 x 4.69 x 14.72 in","6.99 lb","https://www.amazon.com/dp/B0B4VBK25G"
"","","B09TG3LPWH","EcoPreps Glass Meal Prep Containers with Bamboo Lids, 2 Compartment Glass Bento Box Containers【3 Pack】 100% Plastic Free, Eco-Friendly, Glass Food Storage Containers, Glass Lunch Containers with Lids","EcoPreps","$44.95","235","6","$10,563","02/24/2022","$30.88","4.6","208","$14.07","45,287","7","FBA","1","Kitchen & Dining","Standard","5.7 x 2.4 x 7.7 in","6.22 lb","https://www.amazon.com/dp/B09TG3LPWH"
"","","B076936CF1","Sweetzer & Orange Glass Food Storage Containers with Lids - Set of 4, 3.9in Wide Jars in Orange","Sweetzer & Orange","$39.87","309","12","$12,320","10/07/2017","$26.56","4.8","3,055","$13.31","23,172","7","FBA","1","Kitchen & Dining","Standard","10.43 x 5.24 x 17.6 in","5.02 lb","https://www.amazon.com/dp/B076936CF1"
"","","B07BSB87FL","M MCIRCO [5-Packs, 36 Oz Glass Meal Prep Containers with Snap Locking Lids Glass Food Containers,Airtight Lunch Container,Microwave, Oven, Freezer and Dishwasher (4.5 Cup)","M MCIRCO","$32.99","5,324","203","$175,639","03/28/2018","$20.11","4.7","8,059","$12.88","837","6","FBA","4","Kitchen & Dining","Standard","9.69 x 16.38 x 7.44 in","8.091 lb","https://www.amazon.com/dp/B07BSB87FL"
"","","B0CGM3J6LG","BAYZZ 10 Packs Glass Food Storage Containers with Lids, Glass Meal Prep Containers, Airtight Glass Lunch Containers, Leakproof, Freezer, Oven, Microwave & Dishwasher Friendly","BAYZZ","$29.99","443","12","$13,286","08/24/2023","$16.36","4.5","58","$13.63","23,411","7","FBA","1","Kitchen & Dining","Standard","6 x 2.7 x 8 in","12.08 lb","https://www.amazon.com/dp/B0CGM3J6LG"
"","","B0BGBYH6ZQ","Large Glass Storage Jar, 2 Pack 60 FL OZ Glass Food Storage Containers with Bamboo Lid, Kitchen Containers Cereal Canisters Decorative Jar for Candy Snack Cookies Coffee Tea Nuts Airtight Glass Jars","Prettidecor","$26.99","1,511","48","$40,782","09/23/2022","$17.80","4.8","1,139","$9.19","5,468","6","FBA","1","Kitchen & Dining","Standard","4 x 7.8 x 4.7 in","1.98 lb","https://www.amazon.com/dp/B0BGBYH6ZQ"
"","","B0B9S5HZ26","Vtopmart 8 Pack Glass Food Storage Containers , Meal Prep , Airtight Bento Boxes with Leak Proof Locking Lids, for Microwave, Oven, Freezer and Dishwasher, BPA Free","Vtopmart","$22.94","13,651","796","$313,154","08/15/2022","$14.98","4.6","2,544","$7.96","72","6","FBA","1","Kitchen & Dining","Standard","6.06 x 2.75 x 8.14 in","12.5 oz","https://www.amazon.com/dp/B0B9S5HZ26"
"","","B0CLGKRNS1","EcoEvo Glass Food Containers with Glass Lid, Microwave Safe Glass Food Storage Container Set, 3 Pack of Large Size, Glass Food Containers with Lids, Glass Meal Prep containers with Leak Proof Lid.","EcoEvo","$44.99","523","12","$23,530","10/19/2023","$30.31","4.9","31","$14.68","76,825","7","FBA","1","Home & Kitchen","Standard","8.46 x 3.46 x 10.13 in","8.07 lb","https://www.amazon.com/dp/B0CLGKRNS1"
"","","B095CDXSY5","M MCIRCO 30 Pieces Glass Food Storage Containers with Snap Locking Lids,Glass Meal Prep Containers Set - Airtight Lunch Containers, Microwave, Oven, Freezer and Dishwasher","M MCIRCO","$49.99","4,167","136","$208,308","05/18/2021","$37.35","4.6","5,066","$12.64","1,495","7","FBA","8","Kitchen & Dining","Standard","3.2 x 1.6 x 4.7 in","1.34 lb","https://www.amazon.com/dp/B095CDXSY5"