"Export time:  1/26/2024, 11:34:42 PM","","ASIN","Product Name","Brand","Price","Monthly Units Sold","Daily Units Sold","Monthly Revenue","Date First Available","Net Revenue","Star Rating","Reviews","Amazon Fees","BSR","LQS","Seller Type","Sellers","Category","Product Tier","Dimensions","Weight","Link"
"","","B07K96BMXB","Amazon Basics Rectangular Stackable Office Letter Size Organizer Desk Tray, Pack of 2, Black","Amazon Basics","$16.14","623","20","$10,055","05/08/2019","$7.93","4.6","2,883","$8.21","12,185","6","AMZ","5","Office Products","Standard","10 x 2.5 x 13.3 in","1.4 lb","https://www.amazon.com/dp/B07K96BMXB"
"office supplies for desk","","B08CDKPNFY","deli Office Supplies Set, Desk Accessory Organizer Kit, Stapler Set, Rotating Multi-Functional Pen Holder, Tape Dispenser, Pens, Binder Clips, Sharpener, Scissor, Eraser, Black","deli","$19.99","134","3","$2,679","07/04/2020","$11.85","4.5","235","$8.14","74,807","6","FBA","4","Office Products","Standard","6 x 5.7 x 6 in","1.4 lb","https://www.amazon.com/dp/B08CDKPNFY"
"Average Monthly Sales: 6,692","","B0CM4BML6F","Yourkhan 2Pack Under Desk Storage, Under Desk Drawer for Desk Storage, Desk Accessories & Workspace Organizers for Desk Storage, Under Desk Shelf for Desk for Office Kitchen, Makeup","Yourkhan","$21.99","180","6","$3,958","","","","","","35,643","","FBA","","Office Products","","","","https://www.amazon.com/dp/B0CM4BML6F"
"Average Revenue: $86,165","","B0BQPLNXHK","350 Pack Paper Clips and Binder Clips Set by Luxurecourt - Binders & Paperclips Assorted Sizes in Container with Compartments, Silver Paper Clips & Black Binder clips for Home, School, Office Supplies","Luxurecourt","$13.99","1,729","43","$24,189","01/23/2023","$8.82","4.7","235","$5.17","5,750","6","FBA","1","Office Products","Standard","2.3 x 0.1 x 3.9 in","9.9 oz","https://www.amazon.com/dp/B0BQPLNXHK"
"Average Price: $22.04","","B0CCYMXWCW","Black Desk Organizer and Accessories, Black Desk Asccessories Office Supply Kit Include Mesh Desktop Organizer Stapler 1000 Staples Tape Dispenser Pen Holder Staple Remover Clips Ruler Scissors","auroray","$24.99","1,036","34","$25,890","07/27/2023","","4.7","77","","7,194","6","FBA","1","Office Products","","","","https://www.amazon.com/dp/B0CCYMXWCW"
"Average No. of Ratings: 4,836","","B0BQDLRGNF","EOOUT Gold Office Supplies Set Desk Accessories, Acrylic Stapler Set Staple Remover, Phone Holder, Tape Holder, Pen Holder, 2 Ballpoint Pen, Scissor, Binder Clips, Ruler, Transparent Glue and Staples.","EOOUT","$21.99","1,388","43","$30,522","12/16/2022","$13.55","4.6","256","$8.44","5,650","6","FBA","2","Office Products","Standard","6.42 x 4.41 x 6.61 in","1.96 lb","https://www.amazon.com/dp/B0BQDLRGNF"
"Average Sales Rank: 21,431","","B0C65GF53Z","Black Office Supplies,UPIHO Black Desk Accessories,Stapler and Tape Dispenser Set for with Large Stapler,Tape Dispenser, Staple Remover, Staples, Clips,Scissor and Tabs,Gifts for Office Clerks","UPIHO","$19.99","2,223","80","$44,438","05/23/2023","$11.85","4.4","451","$8.14","2,859","7","FBA","1","Office Products","Standard","6.34 x 2.44 x 8.98 in","1.63 lb","https://www.amazon.com/dp/B0C65GF53Z"
"Average Rating Number: 4.6","","B096RCTXBQ","ZSIMC Laptop Stand, Laptop Riser Computer Stand for Desk, Adjustable Aluminum Foldable Portable Desktop Holder, Compatible with MacBook Air pro, iPad, Lenovo, 10-15.6 Laptop and Tablets (Silver)","ZSIMC","$13.60","","","","06/06/2021","$9.01","4.6","272","$4.59","214","7","FBA","1","Laptop Stands","Standard","2.24 x 10.67 x 1.06 in","0.659 lb","https://www.amazon.com/dp/B096RCTXBQ"
"","","B07X4W6SNK","Black Leather Office Supplies, Desk Organizer Storage Boxes and Accessories for Men, Desktop Organization Storage for Business Cards/Stationery/Cards/Pens/Pencils/Mobile Phones/Small Things(Black)","JOINTOP","$26.99","191","7","$5,155","08/26/2019","$17.80","4.6","840","$9.19","32,905","6","FBA","1","Office Products","Standard","6.063 x 6.063 x 5.236 in","1.268 lb","https://www.amazon.com/dp/B07X4W6SNK"
"","","B07TH9N8MG","4 Pack - Simple Trending Stackable Office Desk Supplies Organizer, Desktop File Document Letter Tray Holder Organizer, Black","Simple Trending","$26.97","283","6","$7,633","06/23/2019","$16.19","4.5","1,487","$10.78","35,025","6","FBA","1","Office Products","Standard","10.8 x 15.1 x 3.5 in","3.1 lb","https://www.amazon.com/dp/B07TH9N8MG"
"","","B07TSCSMZB","SANQIANWAN Remote Control Holders Organizer Box with 5 Compartment PU Leather Multi-functional Office Desk Storage Caddy Store Tv Remote for Media Player,Brush,Pencil,Glassees&Office Supplies Black","SANQIANWAN","$14.99","1,806","39","$27,072","07/02/2019","$8.82","4.8","5,795","$6.17","6,290","6","FBA","1","Office Products","Standard","4.961 x 8.898 x 3.11 in","0.542 lb","https://www.amazon.com/dp/B07TSCSMZB"
"","","B09NFVGTGR","Simple Trending Mesh Desk File Organizer, Office Supplies Desktop Storage with Sliding Drawer, Double Tray and 5 Upright Section Sorter Organizer, Black","Simple Trending","$24.57","660","18","$16,216","12/10/2021","$14.15","4.6","746","$10.42","13,473","6","FBA","1","Office Products","Standard","9.29 x 13.19 x 3.35 in","4.5 lb","https://www.amazon.com/dp/B09NFVGTGR"
"","","B0BWTT3WK1","gianotter Paper Letter Tray Organizer with File Holder, 4-Tier Desk Accessories & Workspace Desk Organizers with Drawer and 2 Pen Holder for Office Supplies (Rose Gold)","gianotter","$32.99","5,530","122","$182,435","04/04/2023","","4.6","951","","1,690","6","FBA","2","Office Products","","","","https://www.amazon.com/dp/B0BWTT3WK1"
"","","B0BRMX3SWH","MDOZQ Office Desk Accessories 2pcs Monitor Memo Board Computer Message Board Office Supplies for Women Men Computer Sticky Note Holder Home Office Accessories Desktop Message Office Decor","MDOZQ","$6.98","11,037","473","$77,038","01/03/2023","$3.01","4.4","645","$3.97","225","7","FBA","4","Office Products","Standard","0.39 x 0.2 x 0.39 in","3.84 oz","https://www.amazon.com/dp/B0BRMX3SWH"
"","","B0BYMRJD7R","Marbrasse Pen Organizer with 2 Drawer, Multi-Functional Pencil Holder for Desk, Desk Organizers and Accessories with 5 Compartments + Drawer for Office Art Supplies (White)","Marbrasse","$9.99","12,383","448","$123,706","03/15/2023","$3.97","4.5","9,063","$6.02","247","7","FBA","1","Office Products","Standard","4.2 x 6.3 x 8.2 in","14.4 oz","https://www.amazon.com/dp/B0BYMRJD7R"
"","","B07VZNMNH9","Amazon Basics Desk Drawer Organizer for Office and Home, Metal Mesh, 6 Compartments, Black","Amazon Basics","$16.50","","","","10/30/2019","$9.51","4.7","1,590","$6.99","1,643","6","AMZ","5","Our Brands","Standard","2.2 x 11.97 x 14.45 in","14.1 oz","https://www.amazon.com/dp/B07VZNMNH9"
"","","B0868Q5MJK","GIM Wireless Charging RGB Gaming Mouse Pad 15W, LED Mouse Mat 800x300x4MM, 10 Light Modes Extra Large Mousepad Non-Slip Rubber Base Computer Keyboard Mat for Gaming, MacBook, PC, Laptop, Desk","GIM","$36.99","1,665","31","$61,588","08/19/2019","$20.60","4.5","3,283","$16.39","7,973","7","FBA","7","Office Products","Oversize","11.8 x 0.01 x 30.7 in","1.94 lb","https://www.amazon.com/dp/B0868Q5MJK"
"","","B0CNBZNT14","Pletpet Multi-Role Desk Organizer, Desktop Extension Drawer, 2-Tier Mesh Under Desk Drawer for Office Supplies & Home Essentials Organization, Black","Pletpet","$29.99","276","14","$8,277","11/14/2023","$13.89","4.2","3","$16.10","17,074","6","FBA","1","Office Products","Oversize","10 x 10 x 10 in","7.39 lb","https://www.amazon.com/dp/B0CNBZNT14"
"","","B06Y68YB85","Dry Erase Laminated Jumbo Wall Calendar, Huge 24-inch by36-Inch Size, Monthly Planner for Home Office, Classroom, Large Date Boxes, Reusable Film, Never Folded, Includes 5 Markers, 8 Tacks. I Eraser","OfficeThink","$36.99","796","33","$29,444","04/10/2017","$22.12","4.4","3,867","$14.87","7,501","7","FBA","2","Office Products","Oversize","3.15 x 3.15 x 25.5 in","1.25 lb","https://www.amazon.com/dp/B06Y68YB85"
"","","B0C4F8RNF9","Cayxenful Pencil Holder For Desk,5 Slots 360Degree Rotating Desk Organizers And Accessories,Desktop Storage Stationery Supplies Organizer, Cute Pencil Cup Pot For Office, School, Home (B-White)","Cayxenful","$11.95","2,830","39","$33,819","05/04/2023","$6.39","4.7","199","$5.56","6,307","7","FBA","1","Office Products","Standard","4.7 x 5.9 x 5.9 in","10.2 oz","https://www.amazon.com/dp/B0C4F8RNF9"
"","","B0BS38L41R","KAAKOW Rose Gold Desk Organizers and Accessories Office Supplies Set Stapler, Pen Holder, Phone Holder, Scissors, Pen, Ruler, 30 Paper Clips, 22 Binder Clip, 20 Tacks and 1000pcs Staples","KAAKOW","$25.98","1,429","45","$37,125","01/10/2023","","4.7","493","","5,353","7","FBA","2","Office Products","","","","https://www.amazon.com/dp/B0BS38L41R"
"","","B0BMTPC44X","YSAGi Leather Desk Pad Protector, Office Desk Mat, Large Mouse Pad, Non-Slip PU Leather Desk Blotter, Laptop Desk Pad, Waterproof Desk Writing Pad for Office and Home (23.6' x 13.8', Black)","YSAGi","$9.99","47,385","1,610","$473,376","11/17/2022","$-0.45","4.6","2,735","$10.44","20","7","FBA","1","Office Products","Oversize","13.8 x 0.01 x 23.6 in","7.7 oz","https://www.amazon.com/dp/B0BMTPC44X"
"","","B0B2JF7D15","Unikito File Cabinet with Paper Shredder Stand On Wheel, Modern Vertical Filing Cabinet with Socket and USB Charging Port, Large Printer Stand with Adjustable Storage Shelf Rack for Home Office, Black","Unikito","$159.99","522","8","$83,515","05/26/2022","$111.09","4.6","314","$48.90","28,695","7","FBA","2","Office Products","Oversize","21.2 x 38 x 6 in","42.351 lb","https://www.amazon.com/dp/B0B2JF7D15"
"","","B0BYTYH54W","Becomrock Desk Organizers and Accessories, Office Supplies Desktop Organizer, Desk File Organizer with Sliding Drawer, Dual Tray and 5 Upright Section, File Folder Holder for Desk","Becomrock","$20.29","461","4","$9,354","04/22/2023","","5","14","","54,633","6","FBA","1","Office Products","","","","https://www.amazon.com/dp/B0BYTYH54W"
"","","B0CNGKPFN2","EARTHSON Desktop Storage Box, Cardboard Desk Organizer with 5 Compartments Holder for iPad Pen Cell phone Makeup Brushes Business Card Organizer, Office Supplies (Installation required)","EARTHSON","$17.99","","","$0.00","11/15/2023","","5","1","","252,424","7","FBA","1","Office Products","","","","https://www.amazon.com/dp/B0CNGKPFN2"
"","","B0CB3MVX9H","Noamus Set of 6 Office Desk Organizer and Accessories, Metal Workspace Desktop Supplies, Magazine File Sticky Note Holder, Pencil Cup Document Tray, Business Card Holder Mail Organizer, Black","Noamus","$24.59","","","$0.00","07/03/2023","","5","2","","307,330","7","FBA","1","Office Products","","","","https://www.amazon.com/dp/B0CB3MVX9H"
"","","B0BZMMPH9P","Muyankissu Dinosaur Pen Holder for Desk, Pencil Holder, Cute Fashion Desk Organizers and Decorative Accessories, Office Supplies Idea Gift for Office Decor (Gray)","Muyankissu","$11.12","60","2","$667.20","03/25/2023","","5","3","","90,473","7","FBA","1","Office Products","","","","https://www.amazon.com/dp/B0BZMMPH9P"
"","","B0B287HQN2","gianotter Desk Organizers and Accessories, Office Supplies Desk Organizer with Sliding Drawer, Double Tray and 5 Upright Section File Sorter Organizer (Rose Gold)","gianotter","$23.79","2,314","107","$55,050","08/08/2022","$13.49","4.7","2,021","$10.30","1,995","6","FBA","1","Office Products","Standard","10 x 13.74 x 4.37 in","3.66 lb","https://www.amazon.com/dp/B0B287HQN2"
"","","B0CNQRGQND","White Out Correction Tape, 10 Pack Correction Tape Easy To Use Applicator for Instant Corrections, 39 ft Each White out Tape for Study Supplies and Office Products (Blue)","Sifniea","$7.99","1,380","46","$11,026","12/22/2023","","4.2","15","","5,242","","FBA","1","Office Products","","","","https://www.amazon.com/dp/B0CNQRGQND"
"","","B0BWWQJHH1","Anyyuk RGB LED Mouse Pad with 15W Wireless Charger Gaming Mouse Pad with 10 Light Modes, Extra Large Mousepad Non-Slip Rubber Base Computer Keyboard Mat for Gaming, MacBook, PC, Laptop, Desk","Anyyuk","$28.99","132","1","$3,827","02/25/2023","$13.04","4.4","44","$15.95","106,596","7","FBA","1","Office Products","Oversize","15.75 x 0.01 x 31.5 in","1.9 lb","https://www.amazon.com/dp/B0BWWQJHH1"
"","","B09VR5THGP","Upright Ergonomic Foot Rest | Gel Ventilated Memory Foam Stool for Under Desk","Upright GO","$29.95","134","3","$4,013","02/28/2022","$17.53","4.4","42","$12.42","65,734","5","FBA","1","Office Products","Standard","11.81 x 5.91 x 16.93 in","1.66 lb","https://www.amazon.com/dp/B09VR5THGP"
"","","B0967B9LF5","OWLKELA Cork Bulletin Board 17.7'X 13.3', Notice Pin, Ideal for Office & Home Decor, School Message or Vision","OWLKELA","$9.99","2,457","84","$24,545","05/30/2021","$4.72","4.4","707","$5.27","2,670","6","FBA","1","Office Products","Standard","11.4 x 0.01 x 17.7 in","10.4 oz","https://www.amazon.com/dp/B0967B9LF5"
"","","B09Y2XHF33","Famassi Rose Gold Desk AccessoriesOffice Supplies Set Acrylic Stapler Set Staple Remover, Tape Holder, 2 Ballpoint Pen, Scissor, Binder/Paper Clips and 1000pcs Staples.","Famassi","$23.99","1,960","72","$47,020","04/15/2022","$15.25","4.6","1,515","$8.74","3,225","7","FBA","3","Office Products","Standard","4.88 x 4.8 x 6.57 in","1.71 lb","https://www.amazon.com/dp/B09Y2XHF33"
"","","B0BYDGF8DT","OPNICE Desk Organizers and Accessories, Desk Accessories & Workspace Organizers for Office Supplies, File Organizer Desk Drawer Organizer with 2 Pen Holders, 4 Tier Paper Organizer for Desk(Black)","OPNICE","$24.64","4,154","248","$102,355","04/24/2023","$8.58","4.5","536","$16.06","637","7","FBA","2","Office Products","Oversize","16.13 x 9.05 x 9.44 in","4.6 lb","https://www.amazon.com/dp/B0BYDGF8DT"
"","","B0BFJ8C2MN","Neudeco Desk Organizers Mesh Desktop Office Supplies Multi-functional Caddy Pen Holder Stationery with 8 Compartments and 1 Drawer + Stapler with 1000 Staples Combo for Office Home School Black","Neudeco","$15.99","120","4","$1,919","01/08/2023","","4.5","201","","51,767","","FBA","","Office Products","","","","https://www.amazon.com/dp/B0BFJ8C2MN"
"","","B0B2W3YQ2J","Marbrasse Desk Organizer with Drawer, 4-Tier Mesh Desk File Organizer with 5 Vertical File Holders and 2 Pen Holders, Multifunction Desktop Organizer","Marbrasse","$29.99","1,872","101","$56,141","05/31/2022","$18.16","4.4","1,194","$11.83","2,143","7","FBA","2","Office Products","Standard","10.2 x 14.17 x 5.63 in","6.219 lb","https://www.amazon.com/dp/B0B2W3YQ2J"
"","","B0CFW12DYR","Youbetia Paper Tray Organizer with Mesh File Holder, 5 Tier Desk Accessories & Workspace Desk Organizers with Pen Holder, Office Desk Accessories Desktop Organization for Office Supplies (Black)","Youbetia","$28.99","1,809","62","$52,443","09/21/2023","","4.6","135","","3,787","7","FBA","1","Office Products","","","","https://www.amazon.com/dp/B0CFW12DYR"
"","","B0CMCXXDNW","White Desk Accessories, White Office Supplies,Large Stapler and Tape Dispenser Set, White Desk Accessory Kit, Gift for Students, Women, Coworkers, Boss Lady, Office Clerks","sportsvoutdoors","$22.99","331","14","$7,610","11/01/2023","$14.40","4","9","$8.59","16,994","7","FBA","1","Office Products","Standard","8.82 x 2.44 x 8.98 in","1.74 lb","https://www.amazon.com/dp/B0CMCXXDNW"
"","","B0C8189NXN","Vanhench Gel Pens 0.5mm Aesthetic Fine Point Pen Black Cute Pens, Office Desk Accessories Japanese Stationary Home Work Essentials Nurse School Supplies, Christmas Birthday Gifts for Women Teen Girls","Vanhench","$9.99","4,361","157","$43,566","08/08/2023","$5.57","4.7","182","$4.42","1,219","8","FBA","1","Office Products","Standard","3.27 x 0.67 x 5.91 in","5 oz","https://www.amazon.com/dp/B0C8189NXN"
"","","B0BHGT35XL","JUOPIEA Desk Organizers and Accessories Office Supplies 12PS Set with Acrylic Stapler, Staple Remover, Pen Holder, Clips, Scissor, Phone Holder, 1 Pen Ect","JUOPIEA","$27.99","804","30","$22,504","10/30/2022","$18.00","4.6","548","$9.99","8,320","7","FBA","1","Office Products","Standard","7 x 5 x 5 in","2.72 lb","https://www.amazon.com/dp/B0BHGT35XL"
"","","B0C8TL1SC1","SUPEASY Small Metal Desk Organizer with Drawers, Desk Accessories & Workspace Organizers, Stationary Organizer with 9 Compartments for office essentials, 8.6 x 4.3 x 4.1 Inch, Black","SUPEASY","$12.99","761","26","$9,885","06/20/2023","","4.7","84","","9,671","6","FBA","1","Office Products","","","","https://www.amazon.com/dp/B0C8TL1SC1"
"","","B0B2DM2PW6","6 Pack Bling Office Stationery Set Desk Accessory Office Set Includes Pen Scissor Stapler Staple Remover 1000 Pcs Staples Tape Dispenser with Diamond Inlay for Office Home Desk Supplies (Purple)","Yunlly","$34.99","108","4","$3,779","05/25/2022","$24.60","4.3","65","$10.39","50,093","7","FBA","1","Office Products","Standard","4.21 x 3.9 x 6.5 in","1.92 lb","https://www.amazon.com/dp/B0B2DM2PW6"
"","","B08PBFKGJG","Marbrasse 6 Tier Paper Organizer Letter Tray - Mesh Desk File Organizer with Handle, Paper Sorter Organizer for Letter/A4 Office File Folder Holder - Black","Marbrasse","$21.99","9,413","415","$206,992","11/29/2020","$11.66","4.7","2,866","$10.33","282","6","FBA","2","Office Products","Standard","13.937 x 17.323 x 3.228 in","5.739 lb","https://www.amazon.com/dp/B08PBFKGJG"
"","","B0BKVTPT9C","Mr. Pen- Sticky Notes, 12 Pads, 3x3, Vintage Colors, Sticky Pads, Bulk, Colored/Colorful Sticky Notes","Mr. Pen","$8.99","23,663","630","$212,730","10/28/2022","$4.57","4.3","9,386","$4.42","135","6","FBA","1","Office Products","Standard","5.98 x 0.58 x 9.06 in","9.3 oz","https://www.amazon.com/dp/B0BKVTPT9C"
"","","B07TQ8567K","Amazon Basics Narrow Ruled 5 x 8-Inch Lined Writing Note Pads, 6 Count (50 Sheet Pads), Multicolor","Amazon Basics","$8.70","89,416","4,242","$777,919","10/04/2019","$2.26","4.7","101,049","$6.44","2","6","AMZ","1","Office Products","Standard","5.1 x 8.1 x 1.5 in","1.451 lb","https://www.amazon.com/dp/B07TQ8567K"
"","","B0868HY623","White crown LED Desk Lamp Dimmable Table Lamp Reading Lamp with USB Charging Port, 5 Lighting Modes, Sensitive Control, 30/60 Minutes Auto-Off Timer, Eye-Caring Office Lamp","White crown","$19.99","27,549","812","$550,705","03/22/2020","$13.45","4.3","10,714","$6.54","83","7","FBA","2","Tools & Home Improvement","Standard","7 x 14.5 x 4.49 in","0.01 oz","https://www.amazon.com/dp/B0868HY623"
"","","B0949DWJCV","Crpich Acrylic Cell Phone Stand, Portable Clear Phone Stand for Desk, Compatible with Phone15 14 13 Pro Max Mini 12 11 Plus SE, Switch, Android Smartphone, Pad, Tablet, Desk Accessories","Crpich","$8.99","8,563","253","$76,981","05/19/2021","$4.73","4.7","8,871","$4.26","429","7","FBA","1","Cell Phones & Accessories","Standard","3.9 x 3.9 x 4.3 in","0.3 lb","https://www.amazon.com/dp/B0949DWJCV"
"","","B0BVB8MQL9","Linbsunne Ballpoint Pens Black Medium Point 1mm Pen with Super Soft Grip Ball Point Pen for Men Women Retractable Pens","Linbsunne","$9.99","7,290","169","$72,827","02/08/2023","$5.57","4.7","501","$4.42","1,102","6","FBA","1","Office Products","Standard","5.35 x 0.75 x 5.71 in","4.6 oz","https://www.amazon.com/dp/B0BVB8MQL9"
"","","B0C33QQJKY","Meeting Notebook For Work Organization - Work Planner Notebook With Action Items, Agenda Planner For Note Taking, 160Pages (6.9' X 9.9') Project Planner For Men & Women - Pink","Taja","$9.99","4,621","165","$46,164","04/19/2023","$5.42","4.5","324","$4.57","1,135","7","FBA","1","Office Products","Standard","5.6 x 0.5 x 8.5 in","10.4 oz","https://www.amazon.com/dp/B0C33QQJKY"
"","","B0BS2J4VKY","To Do List Notepad: With Multiple Functional Sections - 6.5 x 9.8' 60 Sheets - Spiral Daily Planner Notebook - Task CheckList Organizer Agenda Pad for Work - Note and Todo Organization","Of a Happy Kind","$5.99","6,750","225","$40,433","01/09/2023","$1.72","4.8","592","$4.27","733","7","FBA","1","Office Products","Standard","6.54 x 0.55 x 10.04 in","10.5 oz","https://www.amazon.com/dp/B0BS2J4VKY"
"","","B09QGR8FM7","Extension Cord with Multiple Outlets, Surge Protector Power Strip Tower, 12 AC 4 USBSurge Protector Tower 6.5FT Overload Protection for Home Office","SMALLRT","$28.99","5,022","172","$145,588","01/13/2022","$20.12","4.8","4,491","$8.87","393","7","FBA","3","Electronics","Standard","5.197 x 6.102 x 3.701 in","0.97 lb","https://www.amazon.com/dp/B09QGR8FM7"
"","","B0C4F4KLZH","CloudBliss Foot Rest for Under Desk at Work,Office Desk Accessories with Memory Foam and Washable Removable Cover, Foot Stool for Office, Car, Home to Foot Support and Relax Ankles, Black","CloudBliss","$15.99","4,066","129","$65,015","06/17/2023","$9.07","4.3","904","$6.92","1,573","6","FBA","1","Office Products","Standard","10.24 x 4.72 x 16.14 in","14.4 oz","https://www.amazon.com/dp/B0C4F4KLZH"
"","","B0BG4W7G4X","Mr. Pen- Aesthetic Highlighters, 8 pcs, Chisel Tip, Boho Colors, No Bleed Bible Highlighter Pastel, Assorted Colors, Cute","Mr. Pen","$7.85","43,477","958","$341,294","09/21/2022","$3.75","4.6","9,480","$4.10","60","6","FBA","1","Office Products","Standard","4.17 x 0.55 x 5.24 in","3.52 oz","https://www.amazon.com/dp/B0BG4W7G4X"
"","","B0855QBHTZ","AMERIERGO Dual Monitor Stand Riser for 2 Monitors, Monitor Stand for Desk, Adjustable Computer Monitor Stand with 2 Slot, Multifunctional Desktop Organizer Stand for Laptop, PC, Computer, Printer","AMERIERGO","$39.99","","","","02/24/2020","$29.96","4.5","9,210","$10.03","7","6","FBA","16","Computer Monitor Stands","Standard","12.64 x 3.86 x 17.72 in","7.81 lb","https://www.amazon.com/dp/B0855QBHTZ"
"","","B0CBHQ7MTX","GGIANTGO Pencil Pen Holder for Desk, 9 Slots 360 Degree Rotating Desk Organizer, Desktop Storage Pen Organizers Stationery Supplies, Cute Pencil Cup Pot for Office School Home & Art Supplies (Grey)","GGIANTGO","$14.99","1,335","73","$20,012","07/08/2023","$8.22","4.8","259","$6.77","3,143","7","FBA","1","Office Products","Standard","7 x 5.1 x 7 in","13.4 oz","https://www.amazon.com/dp/B0CBHQ7MTX"
"","","B0C9PPLQQV","Weekly To Do List Notepad with 52 Tear Off Sheets8.5'11'- Undated Weekly Desk Planner for Women & Man,Work and Home-Greenery Sway","Taja","$9.99","2,370","79","$23,676","06/28/2023","$4.60","4.7","216","$5.39","2,873","6","FBA","1","Office Products","Standard","11 x 0.3 x 8.5 in","12.3 oz","https://www.amazon.com/dp/B0C9PPLQQV"
"","","B0BLNQ1LG3","Winblo Desk Organizer with 2 File Holders, 4-Tier Paper Letter Tray Organizers and Storage with Drawer & 2 Pen Holders, Mesh Desk Organizer for Home Office School Supplies","Winblo","$25.99","210","6","$5,458","11/06/2022","","4.4","158","","38,851","7","FBA","1","Office Products","","","","https://www.amazon.com/dp/B0BLNQ1LG3"
"","","B08L53LRFN","Binder Clips Paper Clips, Sopito 300pcs Colored Office Clips Set with Paper Clamps Paperclips Rubber Bands for Office and School Supplies, Assorted Sizes","Sopito","$9.99","1,016","39","$10,150","10/12/2020","$4.72","4.8","3,338","$5.27","6,274","7","FBA","1","Office Products","Standard","3.78 x 2.56 x 3.78 in","9.6 oz","https://www.amazon.com/dp/B08L53LRFN"
"","","B09K5927B5","Marbrasse Desk Organizer with File Holder, 5-Tier Paper Letter Tray Organizer with Drawer and 2 Pen Holder, Mesh Desktop Organizer and Storage with Magazine Holder for Office Supplies(Black)","Marbrasse","$33.99","6,681","195","$227,087","10/22/2021","$21.56","4.5","3,199","$12.43","902","7","FBA","4","Office Products","Standard","13 x 4.72 x 15.7 in","6.6 lb","https://www.amazon.com/dp/B09K5927B5"
"","","B0C3MBCMQP","Rose Gold Desk Accessories, Office Supplies Set with Acrylic Stapler, Tape Dispenser, Staple Remover, Pen Holder, Scissor, Binder/Paper Clips, 1 Ballpoint Pen, 1 Clear Tape and 1000pcs Staples","yuun","$19.98","297","8","$5,934","07/05/2023","$11.84","4.4","91","$8.14","29,236","7","FBA","1","Office Products","Standard","5.28 x 4.8 x 6.77 in","1.5 lb","https://www.amazon.com/dp/B0C3MBCMQP"
"","","B09BNKRNSB","Desk Calendar 2024-2024 Desk/Wall Calendar, 12 Months Desk Calendar, 12' x 17', Jan 2024 - Dec 2024, Large Ruled Blocks for Planning and Organizing","Coboll","$6.99","3,044","33","$21,278","10/11/2021","$2.17","4.8","953","$4.82","7,606","6","FBA","2","Office Products","Standard","0.01 x 17 x 12 in","10.5 oz","https://www.amazon.com/dp/B09BNKRNSB"
"","","B0BCH7VN6T","Funny Office Decor Sign for Cubicle Decor or Desk Decorations for Women Office - Cute Desk Accessories","Bella Rosa Home","$13.99","535","16","$7,485","09/07/2022","","4.9","661","","14,954","6","FBA","1","Office Products","","","","https://www.amazon.com/dp/B0BCH7VN6T"
"","","B0B778LFQ9","Youbetia Desk organizer, Office Desk Organizers and Accessories, File Organizer Office Organization for Office Supplies, Double Tray and 5 Upright Sections, Black","Youbetia","$21.99","2,127","45","$46,773","08/14/2022","$11.96","4.7","1,579","$10.03","5,384","6","FBA","2","Office Products","Standard","9.961 x 13.74 x 4.409 in","3.856 lb","https://www.amazon.com/dp/B0B778LFQ9"
"","","B0BR4K8HCZ","Under Desk Drawer Organizer Clamp-On, Mesh Metal Desk Drawer Attachment, 2 Drawer Slide Out, On Desk Or Under Desk Organizer For Office Supplies & Home Essentials (2 Drawers)","Homeify","$32.99","1,743","40","$57,502","12/25/2022","","4.2","328","","6,142","7","FBA","8","Office Products","","","","https://www.amazon.com/dp/B0BR4K8HCZ"
"","","B07YNHMVRT","Post-it Super Sticky Notes, Limited Edition Color Collection, 3x3 in, 15 Pads/Pack, 45 Sheets/Pad","Post-it","$12.47","7,188","169","$89,634","10/01/2019","$6.08","4.9","8,312","$6.39","1,097","6","AMZ","8","Office Products","Standard","11.88 x 1.56 x 7.88 in","15 oz","https://www.amazon.com/dp/B07YNHMVRT"
"","","B0C99438WF","YOLOZAI Office Desk Organizers, Rose Gold 13PCS Office Supplies and Accessories Desk organizer, Acrylic Stapler, Staple Remover, Clips, Scissor, Phone Holder, Pen, Pen Holder, Tape Dispenser","YOLOZAI","$29.99","630","21","$18,894","","","4.7","45","","11,982","","FBA","","Office Products","","","","https://www.amazon.com/dp/B0C99438WF"
"","","B0BVNCZQTR","BLU MONACO White Wooden Desk Organizer with Drawer and Gold Handle - Desk Organizers and Accessories for Office Organization and Storage - Home, Office and Classroom Desk Supplies and Organizers","BLU MONACO","$34.97","3,767","87","$131,732","03/30/2023","","4.6","1,221","","2,562","6","FBA","1","Office Products","","","","https://www.amazon.com/dp/B0BVNCZQTR"
"","","B01N9HQM9F","Simple Houseware Mesh Desk Organizer with Sliding Drawer, Double Tray and 5 Upright Sections, Black","Simple Houseware","$24.97","4,172","174","$104,175","12/13/2016","$8.10","4.7","33,790","$16.87","1,056","6","FBA","4","Office Products","Oversize","13 x 9 x 13.25 in","1 lb","https://www.amazon.com/dp/B01N9HQM9F"
"","","B07H3QKN2Z","Scissors, iBayam 8' All Purpose Scissors Bulk 3-Pack, Ultra Sharp 2.5mm Thick Blade Shears Comfort-Grip Scissors for Office Desk Accessories Sewing Fabric Home Craft School Supplies, Right/Left Handed","iBayam","$9.99","52,289","1,316","$522,367","09/04/2018","$4.72","4.8","77,360","$5.27","6","7","FBA","1","Arts, Crafts & Sewing","Standard","8.386 x 10.039 x 0.866 in","0.695 lb","https://www.amazon.com/dp/B07H3QKN2Z"
"","","B0CCPNXX4Y","Teal Office Supplies, Teal Office Supplies and Accessories, Mint Green Stapler and Tape Dispenser Set for Women, Green Office Desk Accessories, Office Gift for Women, Office Lady, Coworkers","Htkbsnyes","$19.99","405","13","$8,096","07/23/2023","$12.30","4.1","18","$7.69","18,526","7","FBA","1","Office Products","Standard","5.63 x 2.68 x 8.7 in","1.41 lb","https://www.amazon.com/dp/B0CCPNXX4Y"