"Export time:  2/5/2024, 2:45:50 AM","","ASIN","Product Name","Brand","Price","Monthly Units Sold","Daily Units Sold","Monthly Revenue","Date First Available","Net Revenue","Star Rating","Reviews","Amazon Fees","BSR","LQS","Seller Type","Sellers","Category","Product Tier","Dimensions","Weight","Link"
"","","B0BCT46X9P","2.5 Gallon Glass Iced Beverage Dispenser with Stainless Steel Spigot Drink Dispenser on Wooden Stand - Chiseled Glass Style","kitchentoolz","$95.99","15","1","$1,440","08/31/2022","","4.1","35","","145,871","8","FBA","1","Kitchen & Dining","","","","https://www.amazon.com/dp/B0BCT46X9P"
"2 gallon drink dispenser","","B08VL5S1LZ","Crutello 2 Pack Glass Beverage Dispenser with Stainless Steel Spigots, 2 Gallon Drink Dispenser Metal Black Stand, Lemonade, Tea, Water, Mason Jar Style - A Family-Owned American Brand","Crutello","$99.97","57","2","$5,698","08/09/2021","$68.05","4.3","242","$31.92","95,947","6","FBA","1","Kitchen & Dining","Oversize","16.8 x 17.8 x 9.8 in","13.9 lb","https://www.amazon.com/dp/B08VL5S1LZ"
"Average Monthly Sales: 398","","B08V9HCLDM","Style Setter Beverage Dispenser w/Stand (Set of 2), 1.5 Gallon Large Countertop Glass Drink Dispenser w/Spigot, Party Drink Dispenser for Sweet Tea Lemonade Punch Water, Juice Dispensers for Parties","Style Setter","$67.19","271","21","$18,208","01/27/2021","$41.33","4.3","693","$25.86","13,425","7","AMZ","6","Kitchen & Dining","Oversize","15.984 x 16.732 x 9.803 in","13.503 lb","https://www.amazon.com/dp/B08V9HCLDM"
"Average Revenue: $12,663","","B0CLPG6X3G","12L Stainless Steel Insulated Beverage Dispenser Hot Water Urn Dispenser Hot Drink Dispenser Insulated Thermal Hot and Cold Coffee Drink Dispenser with Spigot for Hot Water Tea Milk Juice, BLACK","VANLUMZ","$65.99","","","$0.00","01/03/2024","","","","","383,048","","FBA","1","Kitchen & Dining","","","","https://www.amazon.com/dp/B0CLPG6X3G"
"Average Price: $50.65","","B004W05JQ4","CreativeWare 2.5-Gallon Bark Beverage Dispenser, 2.5 Gallon, Clear","CreativeWare","$22.98","5,468","221","$125,655","04/09/2011","$6.03","4.5","8,672","$16.95","732","5","AMZ","10","Kitchen & Dining","Oversize","11.4 x 14.5 x 10.7 in","3.801 lb","https://www.amazon.com/dp/B004W05JQ4"
"Average No. of Ratings: 1,789","","B0CKQWBJJS","Accguan Drink Dispenser,2-Gallon Glass Beverage Dispenser with Black Lid and Stainless Steel Spigot,Mason Drink Dispenser for Parties,Wedding,Picnics,Barbecues and Daily,1 pack","Accguan","$25.99","416","14","$10,812","10/08/2023","","4.8","8","","19,470","6","FBA","1","Kitchen & Dining","","","","https://www.amazon.com/dp/B0CKQWBJJS"
"Average Sales Rank: 90,069","","B0C9C2ZMDM","Lallisa 2 Pcs 2 Gallon Glass Drink Dispenser with Stand Ice Cylinder Hanging Chalkboard Signs 18/8 Stainless Steel Spigot Beverage Dispensers for Parties Mason Jar Drink Lemonade (Silver Spigot)","Lallisa","$85.99","179","8","$15,392","06/25/2023","","4.5","14","","33,670","7","FBA","1","Kitchen & Dining","","","","https://www.amazon.com/dp/B0C9C2ZMDM"
"Average Rating Number: 4.2","","B0BLMXN97F","WantJoin Beverage Dispenser With Stand, Drink Dispenser for Party, Stainless Steel Water Jar Dispenser with Ice Container, Spigot, Drink Jar Jug For Home Parties, Clear Acrylic, 2-GALLONS 8-L","WantJoin","$99.99","128","5","$12,799","11/06/2022","","4.6","39","","54,051","6","FBA","3","Kitchen & Dining","","","","https://www.amazon.com/dp/B0BLMXN97F"
"","","B097QFBYM4","Style Setter Glass Drink Dispenser for Parties - 2.4 Gallon Large Capacity Beverage Dispenser - Easy Assembling with Leakproof Spigot - Fruit Infuser for Best Taste - Galvanized Base Water Dispenser","Style Setter","$59.99","30","2","$1,800","06/21/2021","$44.26","4.1","109","$15.73","113,519","8","AMZ","3","Kitchen & Dining","Standard","5 x 3 x 10 in","5 lb","https://www.amazon.com/dp/B097QFBYM4"
"","","B09RWF82J7","IDEUS 68 oz Stainless Steel Thermal Coffee Carafe, Double Wall Insulated Vacuum Flask, Water Coffee and Beverage Dispenser, 12 Hour Heat 24 Hour Cold Retention, Coral Red","Ideus","$49.99","810","27","$40,492","05/10/2021","$36.06","4.5","444","$13.93","34,846","7","FBA","1","Home & Kitchen","Standard","6.85 x 11.89 x 6.181 in","2.771 lb","https://www.amazon.com/dp/B09RWF82J7"
"","","B06XYJ1BMK","CreativeWare CreativWare 3-Gallon Mosaic Beverage Dispenser, Clear","CreativeWare","$22.46","1,812","74","$40,698","03/30/2017","$4.83","4.4","501","$17.63","3,314","4","AMZ","8","Kitchen & Dining","Oversize","11.3 x 16.6 x 11.1 in","5.15 lb","https://www.amazon.com/dp/B06XYJ1BMK"
"","","B0CJ6J346R","Amgkonp 2 Gallon Drink Dispensers with Stand,2 Pack Glass Beverage Dispenser with Fruit Infuser and Chalkboard,Laundry Detergent Dispenser - Drink Dispensers for Parties","Amgkonp","$61.99","98","3","$6,075","09/15/2023","","3.7","30","","74,569","7","FBA","1","Kitchen & Dining","","","","https://www.amazon.com/dp/B0CJ6J346R"
"","","B0CD281WG1","Sliner 2 Packs 2 Gallon Glass Drink Dispenser with Stand, Glass Beverage Dispenser Glass Water Dispenser Juice Dispenser Drink Containers for Parties with Stainless Steel Spigot and Hanging Chalkboard","Sliner","$74.99","70","2","$5,249","07/27/2023","","4.7","4","","110,915","7","FBA","3","Kitchen & Dining","","","","https://www.amazon.com/dp/B0CD281WG1"
"","","B07W4MGJSB","Style Setter Beverage Dispenser Cold Drink Dispenser w/ 2.7 Gallon Capacity Glass Jug, Cork Lid & Leak-Proof Acrylic Spigot, Great for Parties, Weddings & More","Style Setter","$74.99","110","2","$8,249","08/06/2019","$51.38","3.9","57","$23.61","97,519","6","FBA","3","Kitchen & Dining","Oversize","10 x 10 x 10 in","10 lb","https://www.amazon.com/dp/B07W4MGJSB"
"","","B07YQWYHF7","Water Bottle Pump 5 Gallon, CHIVENIDO Drinking Water Pump for 5 Gallon Bottle Water Jug Dispenser USB Charging Water Dispenser Pump with Non Spill Caps for Universal 2-5 Gallon Bottle","CHIVENIDO","$13.99","942","34","$13,179","10/05/2019","$8.12","4.4","11,612","$5.87","10,227","7","FBA","2","Tools & Home Improvement","Standard","3 x 5 x 3 in","0.66 lb","https://www.amazon.com/dp/B07YQWYHF7"
"","","B001FD6YWE","Arrow 2 Gallon Drink Dispenser for Fridge - Plastic Beverage Dispenser with Spigot for Easy Dispensing - BPA Free Plastic - Convenient Handle, Easy-Pour Spout","Arrow Home Products","$19.50","405","16","$7,898","12/01/2007","$9.55","4.1","2,920","$9.95","17,366","6","FBA","15","Kitchen & Dining","Standard","10.3 x 10.7 x 6.4 in","0.95 lb","https://www.amazon.com/dp/B001FD6YWE"
"","","B008VET4Q8","Arrow Slimline Drink Dispenser for Fridge, 2.5 Gallons","Arrow Home Products","$21.77","1,837","63","$39,991","08/09/2012","$11.47","4.2","16,935","$10.30","4,012","5","FBA","19","Kitchen & Dining","Standard","9.61 x 15.31 x 5.67 in","0.93 lb","https://www.amazon.com/dp/B008VET4Q8"
"","","B00G05AFYA","Arrow Ultra Drink Dispenser for Fridge, 2 Gallon - Plastic Beverage Dispenser with Spigot for Easy Dispensing - BPA Free Clear Plastic - Convenient Handle, Easy-Pour Spout","Arrow Home Products","$23.98","465","17","$11,151","01/16/2014","$13.65","4.2","4,019","$10.33","16,753","6","FBA","6","Kitchen & Dining","Standard","10.1 x 11.5 x 5.9 in","0.9 lb","https://www.amazon.com/dp/B00G05AFYA"
"","","B0CKZ7F8TH","Accguan 1.5-Gallon Drink Dispenser with Iron Rack,Glass Drinking Dispenser with Glass Lid for Parties, Bar, Wedding, Homemade Juice, Laundry Detergent Dispenser,Picnics, Barbecues and Daily,2 pack","Accguan","$39.99","428","12","$17,116","10/12/2023","","3.6","16","","22,727","6","FBA","1","Kitchen & Dining","","","","https://www.amazon.com/dp/B0CKZ7F8TH"
"","","B0BQ4LCGSY","Cultures for Health Continuous Kombucha Brewing Jar with Spigot | 5 Liter Glass Jar with Spout for DIY Fermentation | Long Term Kombucha SCOBY Hotel Jar | Daily Kombucha Tea Probiotic Drink Dispenser","Cultures For Health","$33.99","527","19","$17,913","12/13/2022","","4.3","23","","14,842","7","FBA","3","Kitchen & Dining","","","","https://www.amazon.com/dp/B0BQ4LCGSY"
"","","B07LGNV26V","REDCAMP 4 Gallon Portable Water Container with Spigot, Water Storage Camp Water Jug for Camping Outdoor Hiking 15L Update","REDCAMP","$35.99","299","8","$10,761","12/17/2018","$11.39","4.5","1,045","$24.60","28,198","6","FBA","1","Sports & Outdoors","Oversize","12.2 x 8.46 x 16.85 in","0.91 kg","https://www.amazon.com/dp/B07LGNV26V"
"","","B0CFDT73TY","Mustry Glass Drink Dispenser for Parties, 1 Gallon Beverage Dispenser with Stand and Spigot Solid Stainless Steel, Used as Lemonade Dispenser Sun Tea Jar Kombucha Jar","mustry","$31.99","413","21","$13,212","10/15/2023","","4.5","61","","13,381","7","FBA","1","Kitchen & Dining","","","","https://www.amazon.com/dp/B0CFDT73TY"
"","","B00BWC0E42","Anchor Hocking Heritage Hill Glass Drink Dispenser, 2 Gallon","Anchor Hocking","$39.99","356","9","$14,236","03/17/2013","$20.11","3.9","2,476","$19.88","30,880","6","AMZ","4","Kitchen & Dining","Oversize","13.307 x 14.016 x 10.394 in","10.715 lb","https://www.amazon.com/dp/B00BWC0E42"
"","","B0CJFPZ63W","Domensi 2 Pack 2.5 Gallon Fridge Beverage Drink Dispenser with Spigot Leak-proof Lids Filter Screen Juice Container Sealed Plastic Lemonade Water Milk Cold Hot Drink Tea Jug for Party Daily Use","Domensi","$29.99","190","4","$5,698","09/19/2023","","2","4","","56,550","7","FBA","1","Kitchen & Dining","","","","https://www.amazon.com/dp/B0CJFPZ63W"
"","","B07ND2XMDB","Fifth Avenue Crystal Westchester Optic Beverage Cold Drink Dispenser w/ 2-Gallon Capacity Glass Jug, Leak Proof Acrylic Spigot for Parties, Weddings, & More","Fifth Avenue Crystal","$46.16","191","7","$8,817","02/03/2019","$24.98","4.1","52","$21.18","37,177","5","AMZ","6","Kitchen & Dining","Oversize","10 x 21.25 x 9.75 in","8.6 lb","https://www.amazon.com/dp/B07ND2XMDB"
"","","B081D8XDCH","Estilo Glass Drink Dispenser for Parties - Set of 2-1 Gallon Halloween Drink Dispenser with Stand, Glass Water Dispenser Countertop for Weddings, Sun Tea Jar, Lemonade & Laundry Detergent Dispenser","Estilo","$38.00","1,204","76","$45,752","11/11/2019","$23.77","4.3","19,958","$14.23","3,210","7","AMZ","7","Kitchen & Dining","Standard","13.46 x 14.06 x 7.87 in","7.851 lb","https://www.amazon.com/dp/B081D8XDCH"
"","","B074NQCX1C","Hastings Collective Thermal Coffee Carafe 50 Oz - Large Stainless Steel Insulated Carafe - 1.5 Liter Double Walled Vacuum Thermos Coffee and Beverage Dispenser with Tea Infuser and Strainer (Black)","HASTINGS COLLECTIVE","$46.99","256","7","$12,029","08/07/2017","$33.51","4.5","903","$13.48","128,502","6","FBA","1","Home & Kitchen","Standard","7.99 x 6.57 x 10.51 in","2.35 lb","https://www.amazon.com/dp/B074NQCX1C"
"","","B0C61FPJB3","Drink Dispenser for Fridge, Beverage Liquid Drink Container for Party, 1 Gallon, Cold Water Pitcher Lemonade Stand Juice Jug with Spigot (Green)","Doonly","$17.99","531","28","$9,553","05/22/2023","","4.3","118","","9,706","7","FBA","1","Kitchen & Dining","","","","https://www.amazon.com/dp/B0C61FPJB3"
"","","B087KVZMRF","Lily's Home Plastic Beverage Dispenser - 2 Gallon","Lily's Home","$26.99","27","2","$728.73","04/22/2020","$16.21","3.7","444","$10.78","101,455","6","FBA","1","Kitchen & Dining","Standard","7.205 x 13.268 x 7.205 in","1.5 lb","https://www.amazon.com/dp/B087KVZMRF"
"","","B07PRM7Y2Q","Ilyapa 2 Pack of Outdoor Glass Beverage Dispensers with Sturdy Metal Bases & Stainless Steel Spigots - 2 Gallon Drink Dispensers for Lemonade, Tea, Cold Water, Laundry Detergent","Ilyapa","$99.99","143","4","$14,299","07/28/2019","$66.55","4.4","930","$33.44","64,091","7","FBA","2","Kitchen & Dining","Oversize","17.8 x 19 x 10.6 in","1.451 lb","https://www.amazon.com/dp/B07PRM7Y2Q"
"","","B0CN8WD7CX","2 Gallon Glass Drink Dispensers for Parties, Sun Tea Drink Dispenser 100% Leakproof Glass Beverage Dispenser, Fruit Infuser, 2 Faucets & Chalkboard Mason Jar Drink Dispensers with Lids","Novellaire","$32.99","30","1","$989.70","11/13/2023","","5","1","","145,920","7","FBA","1","Kitchen & Dining","","","","https://www.amazon.com/dp/B0CN8WD7CX"
"","","B0CGX7WG1X","Gisafai 2 Pcs 2 Gallon Drink Beverage Dispenser with Centre Ice Core and Drip Trays Stainless Steel Cold Drink Dispenser for Restaurant Home Hotel Party","Gisafai","$125.99","30","1","$3,780","08/29/2023","","5","3","","133,056","7","FBA","1","Kitchen & Dining","","","","https://www.amazon.com/dp/B0CGX7WG1X"
"","","B0CP3HGHNK","2 Pack Drink Dispenser with Stand Beverage Dispenser 1 Gallon Glass Drink Dispensers for Parties Lemonade Sangria Dispenser Water jug dispenser","FUMOMEK","$25.99","456","11","$11,851","11/27/2023","","2","1","","24,552","6","FBA","1","Kitchen & Dining","","","","https://www.amazon.com/dp/B0CP3HGHNK"
"","","B0BYD34RP7","2.5 Gallon Drink Dispenser For Fridge,Beverage Dispenser With Spigot. Milk,Lemonade Dispenser,Juice Containers With Lids For Parties And Dairly Use,100% Sealed And Filter screen1+1.5Gallon","COHOMA","$26.99","291","11","$7,854","03/13/2023","","4.1","603","","24,193","6","FBA","1","Kitchen & Dining","","","","https://www.amazon.com/dp/B0BYD34RP7"
"","","B0BY8L865H","Panitay 2 Pcs 2 Gallon Drink Dispenser for Party Glass Beverage Dispensers Mason Jar Laundry Detergent Dispenser with Stainless Steel Leakproof Spigots Sealing Lids for Lemonade Cold Water","Panitay","$67.99","","","$0.00","03/12/2023","","3.7","10","","404,697","7","FBA","1","Kitchen & Dining","","","","https://www.amazon.com/dp/B0BY8L865H"
"","","B08YPCF95D","Igloo Special Edition Retro 2 Gallon Barrel of Fun Insulated Jug, Jade","Igloo","$43.99","124","4","$5,455","03/10/2021","$23.51","4.7","261","$20.48","58,248","5","AMZ","8","Sports & Outdoors","Oversize","11 x 12 x 14 in","4 lb","https://www.amazon.com/dp/B08YPCF95D"
"","","B0CNKHXPFC","Glass Drink Dispenser, 2pcs Drink Dispensers For Parties, Beverage Dispenser With Bamboo Lid and Stainless Steel Spigot Leakproof, Use On Sun Tea, Juice, Lemonade Dispenser 108oz","ZJ Whoest","$27.78","90","3","$2,500","12/30/2023","","4.2","6","","72,830","","FBA","1","Kitchen & Dining","","","","https://www.amazon.com/dp/B0CNKHXPFC"
"","","B0BRQJQFQ9","Hanaiette 2 Gallon Glass Beverage Dispenser with Stand, Fruit Infuser,304 Stainless Steel Spigot and Lid, Parties Drink Dispensers Jar Suitable to Make Sun Tea, Cold Lemonade, Kombucha et","hanaiette","$49.99","36","2","$1,800","01/04/2023","","3.8","39","","123,164","7","FBA","2","Kitchen & Dining","","","","https://www.amazon.com/dp/B0BRQJQFQ9"
"","","B0BFF5J6NK","Eleganttime 1 Gallon Glass Drink Dispensers for Parties,2 Pack Beverage Dispenser with Fruit Infuser,Laundry Detergent Dispenser Punch Bowls Water Juice dispensers with Easy Flow Spigot for Outdoor","eleganttime","$27.98","293","9","$8,198","09/14/2022","","4.4","255","","28,641","6","FBA","3","Kitchen & Dining","","","","https://www.amazon.com/dp/B0BFF5J6NK"
"","","B0CK1NC7YB","Metal Beverage Dispenser Stand for Parties 2 Gallon Double Drink Dispenser Stand, Dispenser Holder, Compatible with Round Water Glass Jar Jug Gallon Containers, Parties & Daily UseNo drinks machine","Gttyowyin","$19.99","45","3","$899.55","11/21/2023","","","","","73,384","7","FBA","1","Kitchen & Dining","","","","https://www.amazon.com/dp/B0CK1NC7YB"
"","","B0C7V8M4MG","Glass Drink Dispenser with Stand,2.1 Gallons Wood Stand Cold Beverage Dispensers,Glass Beverage Dispenser with Spigot - Large Drink Dispensers for Parties,Bars,Restaurants","TOCLIU","$78.99","90","4","$7,109","06/06/2023","","4.6","22","","66,949","6","FBA","1","Kitchen & Dining","","","","https://www.amazon.com/dp/B0C7V8M4MG"
"","","B076BS6PJK","Arrow Oasis Drink Dispenser for Fridge, 2.5 Gallon - Plastic Beverage Dispenser with Spigot for Easy Dispensing - BPA Free Clear Plastic - Convenient Handle, Easy-Pour Spout","Arrow Home Products","$24.98","462","12","$11,541","10/09/2017","$3.55","4.1","6,849","$21.43","22,750","6","FBA","5","Kitchen & Dining","Oversize","17 x 10.5 x 18 in","2 lb","https://www.amazon.com/dp/B076BS6PJK"
"","","B0153DJUS6","Buddeez Beverage Dispenser With Stand - 2 Gallon Tritan Plastic Beverage Dispenser With Spigot, Large Drink Container, Plastic Water Dispenser For Party, Clear Drink Dispenser With Lid (1 Count)","Buddeez","$24.99","282","12","$7,047","08/23/2015","$10.81","4.7","9,826","$14.18","22,139","7","FBM","1","Kitchen & Dining","Oversize","9.7 x 10.6 x 9.7 in","3.199 lb","https://www.amazon.com/dp/B0153DJUS6"
"","","B08GK3LCNT","Glacial Ice Design Glass Beverage Dispenser with SS Spigot and Stand - 2.5 Gal","Redfern","$68.75","152","6","$10,450","08/23/2020","$44.94","4.5","285","$23.81","45,198","6","FBA","2","Kitchen & Dining","Oversize","10 x 18 x 10 in","10.6 lb","https://www.amazon.com/dp/B08GK3LCNT"
"","","B09891LXZ5","Style Setter Beverage Dispenser Cold Drink Dispenser w/ 2-Gallon Capacity Glass Jug, Metal Stand & Leak-Proof Acrylic Spigot, Glass Lid, Great for Parties, Weddings & More","Style Setter","$39.99","30","1","$1,200","06/28/2021","$19.35","4","122","$20.64","173,467","7","AMZ","2","Kitchen & Dining","Oversize","11 x 18.2 x 11 in","9.149 lb","https://www.amazon.com/dp/B09891LXZ5"
"","","B0B8DQ1FG9","Ilyapa 2 Gallon Glass Beverage Dispenser - Wide Mouth Mason Jar Drink Dispenser - 100% Leak Proof with Glass Flip Top Lid, Dispenser for Parties, Weddings, Lemonade, Cold Water","Ilyapa","$47.99","15","1","$719.85","04/04/2023","","4.1","26","","130,953","7","FBA","1","Kitchen & Dining","","","","https://www.amazon.com/dp/B0B8DQ1FG9"
"","","B097QCND6F","Style Setter Homestead Beverage Dispenser Cold Drink Dispenser w/ 2.5-Gallon Capacity Glass Jug, Metal Rack & Leak Proof Acrylic Spigot Great for Parties, Weddings & More","Style Setter","$74.99","23","1","$1,725","06/21/2021","$58.75","4.2","106","$16.24","133,951","5","AMZ","2","Kitchen & Dining","Standard","5 x 3 x 10 in","5 lb","https://www.amazon.com/dp/B097QCND6F"
"","","B07W8VJM2V","Style Setter Beverage Dispenser Cold Drink Dispenser Glass Jug, Metal Stand & Leak-Proof Acrylic Spigot Great for Parties, Weddings & More (Jaxon)","Style Setter","$55.99","8","","$447.92","07/31/2019","$34.37","4","26","$21.62","355,785","5","FBA","6","Kitchen & Dining","Oversize","12 x 17 x 11 in","8.5 lb","https://www.amazon.com/dp/B07W8VJM2V"
"","","B0CN93Y383","Gisafai 2 Pack 2 Gallon Drink Beverage Dispenser with Centre Ice Core and Drip Trays, Stainless Steel warm and cold drinks Dispenser with Stainless Steel stand for Home Hotel Party Tea Water Beer","Gisafai","$149.99","","","$0.00","01/02/2024","","","","","489,079","","FBA","1","Kitchen & Dining","","","","https://www.amazon.com/dp/B0CN93Y383"
"","","B007IRU8ZA","CreativeWare Beverage Dispenser with No Base Sleeve, 1.5 Gallon, Clear","CreativeWare","$24.63","15","1","$369.45","03/08/2012","$10.50","4","205","$14.13","138,305","4","AMZ","2","Kitchen & Dining","Oversize","10.2 x 8.4 x 9.4 in","1.7 lb","https://www.amazon.com/dp/B007IRU8ZA"
"","","B0CH2WYL3T","Maxcheck 2.9 Gallon Beverage Dispenser 11 L Glass Drink Dispenser with Wood Stand Spigot Lid Large Drink Container Lemonade Dispenser Jar for Picnic Bar Restaurant Store","Maxcheck","$84.99","45","2","$3,825","08/31/2023","","","","","105,604","7","FBA","1","Kitchen & Dining","","","","https://www.amazon.com/dp/B0CH2WYL3T"
"","","B0CK9L7CGF","Premium Beverage Dispenser With Stand by Ksestor - Holds up to 1.25 Gallons - Drink Dispensers for Parties - Drink Dispenser - Mimosa Tower - Drink Tower with Ice Compartment","Ksestor","$74.99","90","3","$6,749","12/28/2023","","4.1","12","","85,456","","FBA","1","Kitchen & Dining","","","","https://www.amazon.com/dp/B0CK9L7CGF"
"","","B0CFDWN4N4","Mustry Glass Drink Dispenser for Parties, 1 Gallon Beverage Dispenser with Stand and Spigot Solid Stainless Steel, Used as Lemonade Dispenser Sun Tea Jar Kombucha Jar, Set of 2","mustry","$44.99","630","21","$28,344","","","4.5","61","","13,381","","FBA","","Kitchen & Dining","","","","https://www.amazon.com/dp/B0CFDWN4N4"
"","","B097QDGZ6B","Style Setter Oak Grove Beverage Dispenser Cold Drink Dispenser w/ 2.5-Gallon Capacity Glass Jug, Galvanized Base & Leak-Proof Acrylic Spigot Great for Parties, Weddings & More","Style Setter","$48.91","40","2","$1,956","06/21/2021","$34.84","4.4","76","$14.07","117,554","7","AMZ","3","Kitchen & Dining","Standard","5 x 3 x 10 in","5 lb","https://www.amazon.com/dp/B097QDGZ6B"
"","","B004W4JGN2","CreativeWare 1.5-Gallon Bark Beverage Dispenser, 1.5 Gallon, Clear","CreativeWare","$39.33","65","3","$2,556","04/10/2011","$19.93","4.5","948","$19.40","87,324","5","AMZ","14","Kitchen & Dining","Oversize","10.3 x 17.6 x 9.4 in","3.1 lb","https://www.amazon.com/dp/B004W4JGN2"
"","","B0036POD8Q","CreativeWare Beverage Dispenser with Ice Cylinder and Fruit Infuser, 3 Gallon, Clear","CreativeWare","$35.45","271","10","$9,607","01/31/2010","$15.87","4.5","4,118","$19.58","26,149","5","AMZ","10","Kitchen & Dining","Oversize","11.3 x 16.4 x 10.6 in","5 lb","https://www.amazon.com/dp/B0036POD8Q"
"","","B072352RB2","Buddeez 3.5 Gallon Beverage Dispenser - Clear Drink Dispenser, 3.5 Gallon Plastic Beverage Dispenser comes with Stand, Spigot, Ice Cone, Large Punch Dispenser for Parties (Bonus Chalkboard ID Tag)","Buddeez","$58.97","327","5","$19,283","05/16/2017","$35.10","4.6","2,123","$23.87","55,219","7","FBA","9","Kitchen & Dining","Oversize","12.3 x 15.2 x 12.2 in","5.399 lb","https://www.amazon.com/dp/B072352RB2"
"","","B0CG9B5G9B","Accguan 1-Gallon Drink Dispenser,Glass Drinking Dispenser with Glass Lid,Mason Drink Dispenser for Parties, Bar, Wedding, Homemade Juice, Laundry Detergent Dispenser,Picnics, Barbecues and Daily,1 pcs","Accguan","$18.99","281","10","$5,336","08/21/2023","","4.3","38","","26,506","7","FBA","2","Kitchen & Dining","","","","https://www.amazon.com/dp/B0CG9B5G9B"
"","","B0CBWLZ4QM","2-Gallon Beverage Dispenser,Drink Dispenser With Stand,Glass Water Dispenser,Lemonade Ice Cylinder.Liquor Decanter+Label Fruit Infuser Water Anti-Rust Lids Leakproof Stainless Steel Spigot+Wood Stand","KINGPOUL","$64.97","","","$0.00","07/12/2023","","2.5","2","","389,618","7","FBA","1","Kitchen & Dining","","","","https://www.amazon.com/dp/B0CBWLZ4QM"