"Export time:  1/27/2024, 2:27:51 AM","","ASIN","Product Name","Brand","Price","Monthly Units Sold","Daily Units Sold","Monthly Revenue","Date First Available","Net Revenue","Star Rating","Reviews","Amazon Fees","BSR","LQS","Seller Type","Sellers","Category","Product Tier","Dimensions","Weight","Link"
"","","B09KMCDNX5","Erin Condren Ultimate Planny Pack - Flora. Planner Accessory Pouch. Inside Pockets and Extended Metal Zipper. Elastic Band to Secure Around Planner or Notebook. Vegan Leather Organizer Case","Erin Condren","$22.99","390","13","$8,966","11/15/2021","$16.62","4.5","251","$6.37","18,321","6","FBA","1","Office Products","Standard","6.2 x 0.35 x 8.8 in","3.84 oz","https://www.amazon.com/dp/B09KMCDNX5"
"planner accessories","","B0996WQ1ZH","PAPERAGE Felt Tip Marker Pens, Fine Point Tip (0.4mm), 18 Pack, Colorful Markers For Bullet Style Journals, Notebooks, Planners, Calendars & Drawing - Use at School, Office, Home","PAPERAGE","$9.95","1,620","54","$16,119","07/11/2021","$5.54","4.2","1,843","$4.41","4,437","7","FBA","1","Office Products","Standard","6.4 x 0.4 x 6.25 in","4.2 oz","https://www.amazon.com/dp/B0996WQ1ZH"
"Average Monthly Sales: 3,087","","B09TD1XY4P","Adhesive Clear Corner Pockets 6 x 6 Inch Sticky Pocket Self Adhesive Planner Pockets, Adds Extra Storage Space to Notebooks, Folders, Planner Accessories, Home Office School (6)","Tinlade","$11.99","619","22","$7,422","02/24/2022","$7.27","4.6","228","$4.72","11,314","6","FBA","1","Office Products","Standard","7.01 x 0.28 x 8.07 in","0.09 kg","https://www.amazon.com/dp/B09TD1XY4P"
"Average Revenue: $31,938","","B09QMQNZNP","bloom daily planners Inspirational & Motivational Quotes Planner Stickers (8 Sheets / 200+ Stickers) - Hand-Lettered Positive Cute Aesthetic Quotes for Decorating Organizers, Scrapbooks, Laptops, etc.","bloom daily planners","$9.95","720","24","$7,164","09/17/2019","$5.39","4.7","283","$4.56","10,471","6","FBA","1","Office Products","Standard","4.76 x 8.15 x 0.28 in","0.11 lb","https://www.amazon.com/dp/B09QMQNZNP"
"Average Price: $12.13","","B0BND2QC26","In The Slightest - Clear Black Foil Planner Stickers - Productivity - Functional - Icons - Words - Over 600 Stickers - Folder Included - Minimal - Midnight","In The Slightest","$10.99","1,185","30","$13,023","11/25/2022","$6.42","4.6","102","$4.57","8,204","6","FBA","1","Office Products","Standard","5.16 x 0.28 x 6.14 in","1.76 oz","https://www.amazon.com/dp/B0BND2QC26"
"Average No. of Ratings: 3,608","","B0BWY412JF","Aesthetic Planner Stickers for Fun Planning - 1220+ Monthly Boho Designs for Your Calendar or Scrapbook - The Perfect Sticker Accessories to Enhance Your Daily Bullet Journaling","ZICOTO","$12.99","1,619","30","$21,031","05/14/2023","$7.97","4.6","166","$5.02","8,212","7","FBA","1","Office Products","Standard","6 x 0.1 x 8 in","7.7 oz","https://www.amazon.com/dp/B0BWY412JF"
"Average Sales Rank: 18,033","","B0BX1SQCKG","Mr. Pen- Transparent Sticky Notes, 560 Pcs, Pastel Colors, Round Translucent Sticky Notes, Sticky Note Tabs, Pastel Sticky Notes, See Through Sticky Notes Transparent, Bible Sticky Notes","Mr. Pen","$6.85","2,010","67","$13,769","02/26/2023","$3.03","4.5","208","$3.82","3,499","6","FBA","1","Office Products","Standard","3.58 x 0.47 x 6.5 in","2.08 oz","https://www.amazon.com/dp/B0BX1SQCKG"
"Average Rating Number: 4.5","","B08H29XM25","[Expanded] Aesthetic Planner Stickers - Seasonal, Productivity & Decorative Stickers for Women - 23 Sheets / 1397 pcs - Ideal for Journals, Calendars, Planners","Vladi Creative","$14.87","1,161","26","$17,264","11/01/2020","$9.57","4.6","3,985","$5.30","9,496","7","FBA","1","Office Products","Standard","5.98 x 9.96 x 0.31 in","7.2 oz","https://www.amazon.com/dp/B08H29XM25"
"","","B07P8D51H9","Mirida Planner Stickers  1700 Productivity Mini Icons for Adults Calendar  Work, Daily To Do, Budget, Family, Holidays, Journaling  Variety Pack with Monthly Tabs","Mirida","$11.95","1,444","27","$17,256","02/28/2019","$7.24","4.6","3,777","$4.71","9,113","7","FBA","1","Office Products","Standard","5.51 x 0.12 x 9.65 in","3.2 oz","https://www.amazon.com/dp/B07P8D51H9"
"","","B09W9PSQ8Y","DiverseBee Gold Foil Planner Monthly Tabs, 24 Peel and Stick Laminated Tabs for Notebooks (12 Month Tabs and 4 Blank Tabs), Calendar Monthly Tab Stickers for Planners, Monthly Dividers (Jade)","DIVERSEBEE","$9.97","2,250","75","$22,433","03/22/2022","","4.7","2,322","","3,066","6","FBA","1","Office Products","","6 x 8.25 x 0.01 in","","https://www.amazon.com/dp/B09W9PSQ8Y"
"","","B09TQTX9FV","Esland 4 Sheets Inspirational Quotes Motivational Scripts Planner Stickers Vintage Typewriter Sayings Letters Aesthetic Journal Diary Scrapbook Art Crafts Accessories Stickers","Esland","$13.00","270","9","$3,510","03/01/2022","$8.13","4.5","70","$4.87","25,722","6","FBA","1","Office Products","Standard","6 x 0.5 x 8.3 in","0.066 lb","https://www.amazon.com/dp/B09TQTX9FV"
"","","1728206553","F*cking Planner Stickers: 500+ Funny Adult Stickers to Control Your Sh*t (Journal Variety Pack, White Elephant Gift) (Calendars & Gifts to Swear By)","Sourcebooks","$5.99","","","","04/04/2019","$0.37","4.8","6,788","$5.62","4,699","5","AMZ","16","Books","Standard","0.25 x 6 x 4 in","1.41 oz","https://www.amazon.com/dp/1728206553"
"","","B0C86MR4ND","Erin Condren Ultimate Planny Pack - Planner Accessory Pouch. Inside Pockets and Extended Metal Zipper. Elastic Band to Secure Around Planner. Vegan Leather Organizer (EttaVee)","Erin Condren","$23.99","537","13","$12,883","06/14/2023","$17.47","5","1","$6.52","18,321","5","FBA","1","Office Products","Standard","5.9 x 0.7 x 8.6 in","3.84 oz","https://www.amazon.com/dp/B0C86MR4ND"
"","","B0C5BFBR1T","BLIEVE - Aesthetic Highlighters and Gel Pens With Soft Ink And Tip, No Bleed Dry Fast Easy to Hold, for Bible Journaling Planner Notes School Office Supplies 10 pack (Pastel)","BLIEVE","$9.99","10,728","285","$107,173","05/14/2023","$5.57","4.4","639","$4.42","515","7","FBA","1","Office Products","Standard","6.22 x 0.55 x 7.76 in","3.84 oz","https://www.amazon.com/dp/B0C5BFBR1T"
"","","B07QPB9MGN","ban.do Planner Sticker Book with Over 700 Assorted Stickers, 35 Pages of Colorful Unique Stickers for Journals/Calendars, Issue 5","ban.do","$12.95","660","22","$8,547","10/07/2018","$8.09","4.5","146","$4.86","10,998","6","FBA","1","Office Products","Standard","3.8 x 6.6 x 0.4 in","0.3 lb","https://www.amazon.com/dp/B07QPB9MGN"
"","","B088Z7NGQT","Monolike Message & Label Sticker ver.1 Set - Mini Size Cute Stickers, Index Stickers","Monolike","$8.49","201","6","$1,706","05/20/2020","$4.30","4.5","397","$4.19","38,946","5","FBA","1","Office Products","Standard","2.91 x 0.55 x 3.7 in","0.704 oz","https://www.amazon.com/dp/B088Z7NGQT"
"","","B0C8189NXN","Vanhench Gel Pens 0.5mm Aesthetic Fine Point Pen Black Cute Pens, Office Desk Accessories Japanese Stationary Home Work Essentials Nurse School Supplies, Christmas Birthday Gifts for Women Teen Girls","Vanhench","$9.99","4,361","157","$43,566","08/08/2023","$5.57","4.7","182","$4.42","1,219","8","FBA","1","Office Products","Standard","3.27 x 0.67 x 5.91 in","5 oz","https://www.amazon.com/dp/B0C8189NXN"
"","","B0989PTSTG","YUBX Exrta Slim Washi Tape Set Random Patterns 80 Rolls+ Bundle Gold Foil Super Skinny Decorative Masking Tape Scrapbook Tape for DIY Craft Art Projects Journal Gift Wrapping","YUBX","$6.99","711","19","$4,970","04/09/2021","$3.02","3.8","1,283","$3.97","7,747","6","FBA","1","Arts, Crafts & Sewing","Standard","3.54 x 0.71 x 6.3 in","4.16 oz","https://www.amazon.com/dp/B0989PTSTG"
"","","B0C67YFCDG","Aleks Melnyk No.423 Metal Stencil for Bullet Journaling, Bookmark, Planning, Drawing, Banners, Lines, Lists, Planner Stamps, Habit Tracker, Dot Journal Stencil for Diary, Template, Scrapbook, DIY","Aleks Melnyk","$11.83","1,284","42","$15,190","05/23/2023","$7.14","4.3","71","$4.69","3,063","6","FBA","1","Arts, Crafts & Sewing","Standard","4.02 x 0.2 x 7.01 in","0.634 oz","https://www.amazon.com/dp/B0C67YFCDG"
"","","B09ZQ9L4ZW","20 Pcs Adhesive Pockets for Planners Index Card Pockets Planner Accessories Folder Self Sticky Pockets Clear Ideal Holder Top Open Add Storage Space to Notebooks Journal Office School Vinyl, 2 Styles","Junkin","$15.99","199","6","$3,182","05/06/2022","$10.52","4.7","57","$5.47","37,665","7","FBA","1","Office Products","Standard","6.77 x 0.47 x 6.93 in","6.4 oz","https://www.amazon.com/dp/B09ZQ9L4ZW"
"","","B08K2LKMNG","Aesthetic Greenery Planner Stickers for Fun Planning - 1100+ Stunning Gold Foil Monthly Designs - The Perfect Scrapbook Sticker Accessories to Enhance Your Daily Calendar and Planner Journaling","ZICOTO","$13.99","2,659","45","$37,199","12/14/2020","$8.82","4.8","4,448","$5.17","5,399","7","FBA","1","Office Products","Standard","0.394 x 6.102 x 8.268 in","0.5 lb","https://www.amazon.com/dp/B08K2LKMNG"
"","","B0BC8D4B8N","konket 12Pcs Aesthetic Cute Highlighters Bible Pastel Highlighters and Pens no bleed Assorted Colors Highlighters forSchool Supplies and Office Journal DIY Home","konket","$5.99","11,879","349","$71,155","08/28/2022","$2.17","4.5","768","$3.82","375","6","FBA","1","Office Products","Standard","0.47 x 5.9 x 4.53 in","4.9 oz","https://www.amazon.com/dp/B0BC8D4B8N"
"","","B072RQ7XT1","Carpe Diem Fun Design Bloom Mini Sticker Tablet","Simple Stories","$10.14","23","1","$233.22","06/16/2017","$5.70","4.6","403","$4.44","113,545","4","FBA","1","Arts, Crafts & Sewing","Standard","4.016 x 6.654 x 0.236 in","0.117 lb","https://www.amazon.com/dp/B072RQ7XT1"
"","","B072RRPQ39","Simple Stories Carpe Diem by Beautiful A5 Sticker Tablet","Simple Stories","$8.13","43","1","$349.59","06/16/2017","$4.05","4.7","621","$4.08","121,271","5","FBA","4","Arts, Crafts & Sewing","Standard","5.1 x 8.2 x 0.05 in","0.201 lb","https://www.amazon.com/dp/B072RRPQ39"
"","","B0BSFQH15K","24 Sheets Pastel Functional Planner Stickers Mixed Metallic Functional and Elegant Stickers with Elbow Tweezer Colorful Customizing Planners Stickers for Planners Notebooks Budgeting (Lovely Color)","Ctosree","$13.99","214","4","$2,994","01/15/2023","$8.97","4.2","37","$5.02","47,898","7","FBA","1","Office Products","Standard","4.88 x 0.31 x 9.25 in","4.2 oz","https://www.amazon.com/dp/B0BSFQH15K"
"","","B0BG689Y99","BAYTORY 700 Sheets Transparent Sticky Notes, Clear Waterproof 3 x 3 inch See Through Memo Pad, Self-Adhesive Translucent Writable Index Tabs for Annotating Books, Office & School Study Supplies","BAYTORY","$9.97","1,522","43","$15,174","09/21/2022","$5.55","4.6","767","$4.42","5,619","6","FBA","1","Office Products","Standard","0.13 x 6.22 x 2.87 in","3.84 oz","https://www.amazon.com/dp/B0BG689Y99"
"","","B0CCJZDFVT","bloom daily planners 40 Page Mega Planner Sticker Pack (1500+ Stickers) - 6 x 9 Bound Ultimate Variety Sticker Book with Foil - Seasons, Celebrations, Holidays, Food, Travel, Quotes & More - Vol. 1","bloom daily planners","$24.95","300","10","$7,485","12/22/2023","","4.1","9","","22,822","","FBA","1","Office Products","","","","https://www.amazon.com/dp/B0CCJZDFVT"
"","","B0BJ6KWFL3","6Pcs Cute Cherry Paper Clips Bookmark,Funny Colorful Large Size Metal Sakura Sunflower Daisy Pink Paperclip Planner Accessories (6pcs Sakura)","Cualque","$12.99","236","7","$3,066","10/13/2022","$8.12","4.5","35","$4.87","34,643","6","FBA","1","Office Products","Standard","4.02 x 0.28 x 5.87 in","1.51 oz","https://www.amazon.com/dp/B0BJ6KWFL3"
"","","B0C33QQJKY","Meeting Notebook For Work Organization - Work Planner Notebook With Action Items, Agenda Planner For Note Taking, 160Pages (6.9' X 9.9') Project Planner For Men & Women - Pink","Taja","$9.99","4,621","165","$46,164","04/19/2023","$5.42","4.5","324","$4.57","1,135","7","FBA","1","Office Products","Standard","5.6 x 0.5 x 8.5 in","10.4 oz","https://www.amazon.com/dp/B0C33QQJKY"
"","","B08775ZVY1","Easy to Use Stencil Set for Dotted Journals - Time Saving Planner Accessories/Supplies Kit Makes Creating Layouts Easy - Incl. Bullet Point Checklists, Daily/Weekly/Monthly Calendars","ZICOTO","$12.99","1,133","17","$14,718","10/30/2020","$8.12","4.5","3,073","$4.87","8,621","7","FBA","1","Arts, Crafts & Sewing","Standard","5.472 x 7.835 x 0.433 in","0.348 lb","https://www.amazon.com/dp/B08775ZVY1"
"","","1441330763","Essentials Month By Month Planner Stickers (set of 475 stickers)","PETER PAUPER PRESS","$5.95","","","","03/06/2019","$0.34","4.6","5,051","$5.61","5,951","","AMZ","7","Books","Standard","0.25 x 6.25 x 4.25 in","2.47 oz","https://www.amazon.com/dp/1441330763"
"","","B0772XSNXY","iBayam Journal Planner Pens Colored Pens Fine Point Markers Fine Tip Drawing Pens Fineliner Pen for Bullet Journaling Writing Note Taking Calendar Coloring Art Office School Supplies, 18-Pack","iBayam","$8.99","32,186","622","$289,352","10/30/2017","$4.72","4.7","96,289","$4.27","36","7","FBA","2","Arts, Crafts & Sewing","Standard","6.2 x 0.6 x 6.6 in","3.84 oz","https://www.amazon.com/dp/B0772XSNXY"
"","","B07X274SWD","Aesthetic Monthly Planner Stickers - 1100+ Beautiful Design Accessories Enhance and Simplify Your Planner, Journal and Calendar","ZICOTO","$12.99","1,024","21","$13,302","10/22/2019","$7.97","4.7","5,191","$5.02","11,608","6","FBA","1","Office Products","Standard","0.39 x 8.27 x 6.1 in","6.4 oz","https://www.amazon.com/dp/B07X274SWD"
"","","B099P6GGB7","UpUDo 12 Pack Magnetic Bookmark, Book Marker Clip for Teachers, Students, Book Lovers, Printing on 2 Side","UpUDo","$5.59","11,380","290","$63,614","07/16/2021","$1.83","4.6","8,746","$3.76","502","6","FBA","1","Office Products","Standard","4.72 x 0.39 x 9.06 in","2.09 oz","https://www.amazon.com/dp/B099P6GGB7"
"","","B0C2PW7W78","Funny To Do List Planner Notebook - Easily Organize Your Daily Tasks And Boost Productivity In A Funny Way - The Perfect Daily Journal Notepad And Undated Office Supplies Checklist For Women","ZICOTO","$9.99","1,233","30","$12,318","04/16/2023","$5.42","4.7","66","$4.57","8,376","7","FBA","1","Office Products","Standard","6.4 x 0.6 x 0.5 in","9.9 oz","https://www.amazon.com/dp/B0C2PW7W78"
"","","B0843HVNPT","Aesthetic Gold Foil Planner Stickers - 1250+ Stunning Design Accessories Enhance and Simplify Your Planner, Journal and Calendar","ZICOTO","$9.99","899","27","$8,981","01/21/2020","$5.42","4.8","4,073","$4.57","9,169","6","FBA","1","Office Products","Standard","0.39 x 8.27 x 6.1 in","8.1 oz","https://www.amazon.com/dp/B0843HVNPT"
"","","B0CJT9PFNX","Aesthetic Planner Stickers -27 Sheets/1230+ Planner Stickers, Cute Daily Planner Stickers Perfect Planner Accessories for Planning or Decorating Planners, Journals & Calendars","ROPCIA","$7.99","225","4","$1,798","09/25/2023","","4.6","8","","57,911","7","FBA","1","Office Products","","","","https://www.amazon.com/dp/B0CJT9PFNX"
"","","B0BWDVR7R6","Legend Mega Sticker Pack  1,900+ Small Stickers for Planner, Journal & Calendar  Aesthetic, Inspirational, Seasonal, Dates, Months, Holidays, Wellness & Budget Stickers  Planner Accessories","Legend Planner","$15.99","364","8","$5,820","10/11/2023","","4.5","47","","28,030","7","FBA","1","Office Products","","","","https://www.amazon.com/dp/B0BWDVR7R6"
"","","B0BKVTPT9C","Mr. Pen- Sticky Notes, 12 Pads, 3x3, Vintage Colors, Sticky Pads, Bulk, Colored/Colorful Sticky Notes","Mr. Pen","$8.99","23,663","630","$212,730","10/28/2022","$4.57","4.3","9,386","$4.42","135","6","FBA","1","Office Products","Standard","5.98 x 0.58 x 9.06 in","9.3 oz","https://www.amazon.com/dp/B0BKVTPT9C"
"","","B08D3TMC5V","Planner Stickers - 28 Sheets, 1378 Stunning Design Accessories for Journals and Calendars, Essential Planner Accessories by Tullofa - Green","Tullofa","$8.99","823","13","$7,399","10/24/2020","$4.72","4.7","2,478","$4.27","18,974","6","FBA","1","Office Products","Standard","4.764 x 8.307 x 0.354 in","0.348 lb","https://www.amazon.com/dp/B08D3TMC5V"
"","","1441324097","Peter Pauper Press Essentials Weekly Planner Stickers (Set Of 575 Stickers)","PETER PAUPER PRESS","$5.95","","","","03/14/2017","$0.34","4.6","8,555","$5.61","13,632","5","AMZ","9","Books","Standard","4.098 x 6 x 0.201 in","0.154 lb","https://www.amazon.com/dp/1441324097"
"","","B09X27ZZBN","Vegan Leather Gold Foil Mini 12 Month Adhesive Tabs + 4 Extra for Folders, Pages. Organize your files, books and Agenda's with these Sticky January Through December File Tabs - Erin Condren","Erin Condren","$9.99","1,394","31","$13,926","03/31/2022","$5.57","4.7","2,715","$4.42","7,902","6","FBA","1","Office Products","Standard","5.3 x 0.04 x 8.9 in","0.8 oz","https://www.amazon.com/dp/B09X27ZZBN"
"","","B09FQFKLBD","Planner Pad Spiral Bound Page Finder Combo Pack, Executive Size, Clear Vinyl, 2 x 10","Planner Pad","$6.99","450","15","$3,146","09/07/2021","$3.02","4.3","346","$3.97","16,121","6","FBA","1","Office Products","Standard","3 x 9 x 0.01 in","0.011 lb","https://www.amazon.com/dp/B09FQFKLBD"
"","","B09TD9BKGQ","WRITECH Liquid Ink Rollerball Pens: Multi Colored 0.5mm Extra Fine Point Tip Rolling Roller Ball Pen 8ct Assorted Colors for Journaling Smooth Writing Note Taking No Bleed & Smudge & Smear","WRITECH","$12.49","1,146","27","$14,314","02/24/2022","$7.70","4.6","1,012","$4.79","9,273","6","FBA","2","Office Products","Standard","3.66 x 0.63 x 5.43 in","3.2 oz","https://www.amazon.com/dp/B09TD9BKGQ"
"","","B08698MJWT","SHARPIE S-Note Creative Markers, Highlighters, Assorted Colors, Chisel Tip, 24 Count","SHARPIE","$15.66","16,411","363","$256,996","03/22/2020","$9.77","4.7","16,349","$5.89","351","6","AMZ","44","Office Products","Standard","3.75 x 6.09 x 6.25 in","4.2 oz","https://www.amazon.com/dp/B08698MJWT"
"","","B0827SSGJZ","Clever Fox Planner Stickers  Monthly, Weekly & Daily Planner Stickers 14 Sheets Set of 1360+ Unique Stickers by Clever Fox (Value Pack)","Clever Fox","$13.99","1,936","45","$27,085","09/20/2018","$8.97","4.7","3,011","$5.02","5,352","6","FBA","1","Office Products","Standard","5.3 x 0.15 x 7.5 in","2.82 oz","https://www.amazon.com/dp/B0827SSGJZ"
"","","B0BRMX3SWH","MDOZQ Office Desk Accessories 2pcs Monitor Memo Board Computer Message Board Office Supplies for Women Men Computer Sticky Note Holder Home Office Accessories Desktop Message Office Decor","MDOZQ","$6.98","11,037","473","$77,038","01/03/2023","$3.01","4.4","645","$3.97","225","7","FBA","4","Office Products","Standard","0.39 x 0.2 x 0.39 in","3.84 oz","https://www.amazon.com/dp/B0BRMX3SWH"
"","","B0C2WYVL4F","Blue Sky Every Day & Every Occasion 2200+ Sticker Pack, Planner and Calendar Pack, 4.49 x 9.06, Full Color and Gold Foil, 24 Sheets","Blue Sky","$12.89","233","8","$3,003","04/17/2023","","4.4","31","","29,555","7","AMZ","1","Office Products","","","","https://www.amazon.com/dp/B0C2WYVL4F"
"","","1441324089","Essentials Mom's Planner Stickers (Set of 575 Stickers)","Peter Pauper Press Inc. (Author)","$5.95","","","","05/31/2017","$0.34","4.6","2,174","$5.61","21,039","4","AMZ","7","Books","Standard","0.25 x 6.25 x 4.25 in","1.6 oz","https://www.amazon.com/dp/1441324089"
"","","B0BTHPS8QH","Legend Value Sticker Pack  1,700+ Small Stickers for Planner, Journal & Calendar  Aesthetic, Inspirational, Seasonal, Dates, Months, Holidays, to-dos & Budget Stickers  Planner Accessories","Legend Planner","$9.99","581","13","$5,804","01/30/2023","","4.6","54","","19,002","7","FBA","1","Office Products","","","","https://www.amazon.com/dp/B0BTHPS8QH"
"","","B0C77TF58D","GoGirl Value Sticker Pack  850+ Small Aesthetic Stickers for Planner, Journal & Calendar  Holidays, Seasonal Stickers, Inspirational Quotes, to-dos, Appointments, Budgeting & Text Boxes  19 Sheets","GoGirl","$9.99","189","9","$1,888","06/05/2023","","4.8","43","","25,271","7","FBA","1","Office Products","","","","https://www.amazon.com/dp/B0C77TF58D"
"","","B0BV9FWNZN","12 Pcs Metal Pen Clips, Pencil Holder Clips Inserts Paper Clip Bookmarks for Notebooks Planner Office School Supplies","LUCKJUJU","$9.99","190","4","$1,898","02/08/2023","$5.57","4.5","26","$4.42","51,918","","FBA","1","Office Products","Standard","3 x 0.5 x 3 in","4.8 oz","https://www.amazon.com/dp/B0BV9FWNZN"
"","","B09L7W1J9R","WRITECH Retractable Gel Pens Quick Dry Ink Pens Fine Point 0.5mm Multicolor For Journaling, Drawing, Doodling, and Notetaking (Multicolor)","WRITECH","$11.99","3,427","113","$41,090","08/06/2020","$7.27","4.5","4,591","$4.72","1,877","6","FBA","2","Office Products","Standard","4.53 x 0.75 x 5.98 in","4.2 oz","https://www.amazon.com/dp/B09L7W1J9R"
"","","B0C665KF1P","Darolin [Zippered] Portfolio Padfolio Organizer Binder with Clipboard, Leather Business Interview Resume Document Holder Folder Planner Organizer for Office Conference Notepad Bag for Women - RoseGold","Darolin","$23.99","540","18","$12,955","05/23/2023","","4.6","64","","13,800","6","FBA","1","Office Products","","","","https://www.amazon.com/dp/B0C665KF1P"
"","","B07H1T276G","Tebik 45 Pack Planner Pens Colored Pens, 40 Colors Pens with 5 Stencils, Fineliners for Journal Planner Note Calendar Writing Coloring, Drawing, School Office Art Supplies","Tebik","$9.99","891","15","$8,901","09/01/2018","$5.42","4.4","3,700","$4.57","9,496","7","FBA","1","Arts, Crafts & Sewing","Standard","6.5 x 0.39 x 13.78 in","10 oz","https://www.amazon.com/dp/B07H1T276G"
"","","B0BFWMK655","UPAFEXXI-Leather Monthly Tabs, 48 Pcs Month Tabs,Planner Tabs, Calendar Monthly Tab Stickers for Planners, Monthly Dividers,Great for Organizing and Sorting in Planners or Notebooks by Month(Pink)","UPAFEXXI","$9.99","210","7","$2,098","09/19/2022","","4.6","169","","32,285","7","FBA","1","Office Products","","","","https://www.amazon.com/dp/B0BFWMK655"
"","","B08L9DG914","DiverseBee Laminated Planner Monthly Tabs, 24 Peel and Stick Tabs for Notebooks (12 Month Tabs and 12 Blank Tabs), Calendar Monthly Tab Stickers/Dividers (Assorted), Medium","DIVERSEBEE","$9.97","3,515","75","$35,045","11/16/2020","$5.55","4.7","2,322","$4.42","3,066","6","FBA","1","Office Products","Standard","5.9 x 0.1 x 8.3 in","1.44 oz","https://www.amazon.com/dp/B08L9DG914"
"","","B0BDLGKM5S","Aesthetic Pastel Sticky Notes Set of 528 with Tabs - Incl. Sturdy Cover to Keep Your Notes Safe - Cute School Accessories, College, Students, Teachers or Office Desk Supplies for Women","ZICOTO","$12.99","939","22","$12,198","09/07/2022","$7.97","4.2","338","$5.02","11,424","7","FBA","1","Office Products","Standard","4.7 x 0.4 x 8.4 in","7.4 oz","https://www.amazon.com/dp/B0BDLGKM5S"
"","","B08JHV6TQ8","Law of Attraction Planner - Undated Deluxe Weekly, Monthly Planner, a 12 Month Journey to Increase Productivity & Happiness - Life Organizer, Gratitude Journal, and Stickers A5 Size","Freedom Mastery","$32.95","3,201","49","$105,473","09/18/2020","$22.87","4.6","2,969","$10.08","4,946","7","FBA","1","Office Products","Standard","6.14 x 1.26 x 8.62 in","1.65 lb","https://www.amazon.com/dp/B08JHV6TQ8"
"","","1441328718","Essentials Planner Stickers -- Wake Up Kick Ass Repeat (Set of 150 Stickers)","PETER PAUPER PRESS","$5.95","","","","07/18/2018","$0.34","4.7","6,130","$5.61","22,936","","AMZ","10","Books","Standard","0.3 x 4.25 x 7.2 in","2.4 oz","https://www.amazon.com/dp/1441328718"
"","","B09T2YJXNC","Bossy Girl Journey Goal Planner Undated Weekly Monthly Productivity Journal With Habit And Budget tracker - A5 Size Refillable To Beat Procrastination, And Stay More Focused (Pistachio)","BOSSY GIRL JOURNEY","$40.99","162","3","$6,640","02/20/2022","$29.05","4.3","199","$11.94","63,488","7","FBA","1","Office Products","Standard","8.5 x 1.77 x 9.49 in","2.38 lb","https://www.amazon.com/dp/B09T2YJXNC"