"Export time:  2/8/2024, 9:18:49 PM","","ASIN","Product Name","Brand","Price","Monthly Units Sold","Daily Units Sold","Monthly Revenue","Date First Available","Net Revenue","Star Rating","Reviews","Amazon Fees","BSR","LQS","Seller Type","Sellers","Category","Product Tier","Dimensions","Weight","Link"
"","","B08D3SDPXT","Aromatherapy Candle Gift Set for Women- Scented Candles for Home- Unique Decor Present for Birthday, Bridesmaid, Housewarming Long Burning Candle Set for Her- Pampering Valentines Day Gifts for Her","ADELEGOURDAIN","$19.99","923","96","$18,451","07/15/2020","$11.20","4.1","2,851","$8.79","8,349","6","FBA","1","Home & Kitchen","Standard","7.87 x 2.76 x 7.87 in","2.82 lb","https://www.amazon.com/dp/B08D3SDPXT"
"candle for women","","B08XZ3HWF3","6 Pack Candles for Home Scented Aromatherapy Candles Gifts Set for Women Soy Wax Long Lasting Amber Jar Candles for Valentine Birthday Mother's Thanksgiving Day Present","YFYTRE","$25.99","3,796","135","$98,658","03/03/2021","$16.95","4.4","2,827","$9.04","6,764","6","FBA","1","Health & Household","Standard","0.01 x 3.35 x 9.3 in","1.31 lb","https://www.amazon.com/dp/B08XZ3HWF3"
"Average Monthly Sales: 2,669","","B07GH691SQ","Chesapeake Bay Candle Scented Candle, Serenity + Calm (Lavender Thyme), Medium Jar, Home Dcor, Orange","Chesapeake Bay Candle","$13.99","17,804","678","$249,078","08/14/2018","$8.12","4.5","42,450","$5.87","381","6","AMZ","2","Home & Kitchen","Standard","2.87 x 4.33 x 3.14 in","8.8 oz","https://www.amazon.com/dp/B07GH691SQ"
"Average Revenue: $47,814","","B09R1K4LP1","Lavender Scented Candles Gift for Women - Aromatherapy Candle with Crystals Inside, 10oz 100% Natural Soy Wax Candles for Home Scented 60H Burn, Candle Gift for Mothers Day Birthday Valentine's Day","AOOVOO","$18.99","1,171","47","$22,237","01/23/2022","$12.37","4.5","387","$6.62","17,496","7","FBA","1","Health & Household","Standard","4.21 x 4.09 x 4.61 in","10 oz","https://www.amazon.com/dp/B09R1K4LP1"
"Average Price: $20.41","","B0CN3Q97TF","Scented Candles for Home, YeeQue Vanilla Candle with Large Wooden Bowl Design for Women,Girl Birthday Gift","YeeQue","$29.99","162","5","$4,858","11/28/2023","$20.35","4.1","30","$9.64","165,661","6","FBA","1","Home & Kitchen","Standard","10 x 2 x 10 in","1.44 lb","https://www.amazon.com/dp/B0CN3Q97TF"
"Average No. of Ratings: 4,034","","B08CXQR6CM","12 Pack Scented Candles Gifts Set for Women, 2.5 oz Soy Wax Aromatherapy Candles for Home Decoration, Long Lasting Tin Jar Candles for Valentine Birthday Mother","YFYTRE","$24.99","981","34","$24,515","01/08/2021","$17.70","4.6","2,449","$7.29","27,221","6","FBA","3","Home & Kitchen","Standard","6.42 x 4.29 x 9.17 in","2.5 oz","https://www.amazon.com/dp/B08CXQR6CM"
"Average Sales Rank: 59,418","","B0C9M4KRLC","Scented Candles for Home - Enjoy Jar Candles, Natural Soy Wax with 3 Cotton Wicks, Housewarming Gift for Women and Men, Black Cherry Merlot","TALENT CANDLES","$22.99","180","6","$4,138","","","4.5","85","","154,328","","FBA","","Home & Kitchen","","","","https://www.amazon.com/dp/B0C9M4KRLC"
"Average Rating Number: 4.5","","B0BRWLDL9L","Bel Composto Valentine's Day Present Pine Scented Aromatherapy Best Smelling Candle, Soy Wax 7.8 Oz,Romantic Bathroom Candle, All Natural Strong Scented Large Ceramic Jar Gift Candles for Women","Bel Composto","$29.99","","","$0.00","01/07/2023","","4.7","31","","824,446","7","FBA","1","Home & Kitchen","","","","https://www.amazon.com/dp/B0BRWLDL9L"
"","","B0CHSHTNPQ","AROZEN Ocean Beach Scented Candles Gift for Women, 10oz Aromatherapy Beach Soy Candles for Home Scented, Sea Candles with Healing Crystal Inside, 55H Burn for Birthday Valentine's Day Mother's Day","AROZEN","$25.99","300","10","$7,797","09/10/2023","$16.95","4.7","50","$9.04","58,297","7","FBA","1","Health & Household","Standard","4.33 x 5.11 x 4.33 in","1.68 lb","https://www.amazon.com/dp/B0CHSHTNPQ"
"","","B0CLPJ5JHH","TRINIDa Sleep Scented Candles Gift Set for Women - Lavender, Marjoram and Jasmine Essential Oils - Gift for Women, Promotes Sleep - 240g Long Burning Soy Candle","TRINIDa","$11.99","184","12","$2,206","11/29/2023","$5.05","4.4","31","$6.94","50,015","7","FBA","1","Health & Household","Standard","2.7 x 3.5 x 2.7 in","1.15 lb","https://www.amazon.com/dp/B0CLPJ5JHH"
"","","B0CHJXN6Z1","BlissfulOasis Scented Candles Set, 17.6 oz 4 Pack Home Scented Candles, 100-120 Hours Candle Gift for Men and Women, Scented Candles for Birthday, Valentine's Day, Christmas","BlissfulOasis","$11.99","643","26","$7,710","09/07/2023","$6.65","4.4","162","$5.34","27,906","7","FBA","1","Health & Household","Standard","7.24 x 2.64 x 7.32 in","4.4 oz","https://www.amazon.com/dp/B0CHJXN6Z1"
"","","B0BLXDJJRV","Yankee Candle Studio Medium Candle, Pink Sands, 10 oz: Long-Lasting, Essential-Oil Scented Soy Wax Blend Candle | 40-65 Hours of Burning Time","Yankee Candle","$9.98","7,137","225","$71,227","05/18/2023","","4.4","1,597","","2,573","6","AMZ","4","Home & Kitchen","","","","https://www.amazon.com/dp/B0BLXDJJRV"
"","","B08XWQBLVK","Friend Gifts for Women- Soy Wax Humorous Gifts for Birthday Gifts for Friends Female- Hand Poured in The USA - 9 oz - Apple Caramel Scent, Cotton Wick, Cute Christmas Friendship Gifts Ideas","MINT SUGAR CANDLE COMPANY","$15.99","1,876","57","$29,997","03/01/2021","$9.82","4.7","2,667","$6.17","15,556","7","FBA","1","Home & Kitchen","Standard","4 x 4 x 4 in","9 oz","https://www.amazon.com/dp/B08XWQBLVK"
"","","B000X457HO","Yankee Candle Vanilla Cupcake Scented, Classic 22oz Large Jar Single Wick Candle, Over 110 Hours of Burn Time","Yankee Candle","$16.88","34,748","1,301","$586,546","04/30/2007","$8.56","4.5","67,312","$8.32","97","6","AMZ","11","Home & Kitchen","Standard","6.457 x 9.449 x 5.118 in","2.844 lb","https://www.amazon.com/dp/B000X457HO"
"","","B0CCHWPLBR","Happy Birthday Candle - Birthday Sprinkle Candle Gift Birthday Gifts for Women - 7oz Vanilla Cream Scented Candle Happy Birthday Gifts for Her, Best Gifts for Girl, Friends, Men","Auelife","$14.99","3,390","113","$50,816","08/20/2023","$9.28","4.6","362","$5.71","6,743","7","FBA","1","Home & Kitchen","Standard","1 x 2 x 1 in","11.2 oz","https://www.amazon.com/dp/B0CCHWPLBR"
"","","B0CG2J4BHD","Wild Earth Co. Sea Salt + Sage 11 oz Glass Candle with Box | Candle Gifts | Luxury Glass Jar Candles | 60 Hour Burn Time | Natural Soy Candles | Perfect Valentines Day Gift","Unboxme Gifts","$21.95","123","3","$2,700","08/15/2023","$12.87","4.5","32","$9.08","243,141","6","FBA","1","Home & Kitchen","Standard","1.5 x 1.5 x 1.5 in","2.3 lb","https://www.amazon.com/dp/B0CG2J4BHD"
"","","B0CL4TR9QK","U UQUI Flowers Candles Valentines Day Gifts for Her, Roses Valentines Day Gifts for Girlfriend, Candles Valentines Day Gifts for Wife, Scented Candles & Preserved Rose Valentines Gifts Set, Red","U UQUI","$29.99","450","15","$13,496","10/15/2023","$18.20","4.8","34","$11.79","41,815","7","FBA","1","Health & Household","Standard","5.51 x 9.45 x 5.51 in","2.65 lb","https://www.amazon.com/dp/B0CL4TR9QK"
"","","B08N5GQCDP","Hug in A Jar Candles Gifts for Women, Thinking of You Gift Candles, Sweet Fig + Grapefruit 13 oz Long Lasting 60-80 Hour Burn Aromatherapy with Gift Box, Great Gift for Valentines Day","Unboxme Gifts","$22.95","346","35","$7,941","11/09/2020","$15.74","4.4","55","$7.21","26,468","6","FBA","1","Home & Kitchen","Standard","4.5 x 3.5 x 4.5 in","10 oz","https://www.amazon.com/dp/B08N5GQCDP"
"","","B0CG2GP7GJ","3 pcs Aromatherapy Scented Candles - Just Breathe Candles Gift Set for Women | Hand-Poured Soy Wax with Essential Oils, Glass Candle Set with Gift Box | Perfect Valentines Day Gift","Unboxme Gifts","$22.95","64","2","$1,469","08/21/2023","$14.37","4.2","44","$8.58","145,562","6","FBA","1","Health & Household","Standard","3 x 2 x 3 in","1.68 lb","https://www.amazon.com/dp/B0CG2GP7GJ"
"","","B0BBGT6DXJ","Scented Candles Gifts for Women, 2.5oz Aromatherapy Candles for Home Scented, Long Lasting Soy Wax Candle Sets for Women Gift,Small Candles for Gifts Bath Yoga Spa Birthday Gifts","Aottom","$15.96","502","41","$8,012","09/26/2022","$10.03","4.2","1,320","$5.93","19,448","7","FBA","1","Health & Household","Standard","1 x 1 x 1 in","2.5 oz","https://www.amazon.com/dp/B0BBGT6DXJ"
"","","B09JSSH7C5","ANAWBE Home Scented Candles, Aromatherapy Candle Set of 8 Fragrances, Giftable Box, Long Lasting, Gorgeous 8 Pack of Scented Candles Gift Set for Women, Wonderful for Christmas, Birthday Gift","ANAWBE","$31.99","120","4","$3,839","08/27/2022","$21.40","4","79","$10.59","109,407","7","FBA","1","Health & Household","Standard","6.5 x 2.44 x 6.5 in","2.4 lb","https://www.amazon.com/dp/B09JSSH7C5"
"","","B0C88D3RCN","Funny Candles - Badass Candle Gifts for Women | You're A Badass Bitch, Keep That Shit Up | Congratulations Gifts for Women | Christmas Friend Birthday Gifts | Boss Gifts for Women Who has Everything","Funny Candles","$19.95","252","12","$5,027","06/14/2023","$12.44","4.8","23","$7.51","79,381","7","FBA","1","Home & Kitchen","Standard","2.75 x 3.5 x 2.75 in","15.52 oz","https://www.amazon.com/dp/B0C88D3RCN"
"","","B075KJ6XN3","Chesapeake Bay Candle PT40234 Scented Candle, Peace + Tranquility (Cashmere Jasmine), Coffee Table ,11 oz , White, Home Dcor","Chesapeake Bay Candle","$16.99","3,556","117","$60,416","09/11/2017","$8.65","4.6","6,644","$8.34","6,445","6","AMZ","5","Home & Kitchen","Standard","4.33 x 2.99 x 4.33 in","2.07 lb","https://www.amazon.com/dp/B075KJ6XN3"
"","","B092YQLGNL","Lavender Scented Candles - I Wish You Lived Next Door - Best Friend, Friendship Gifts for Women, Mothers Day, Birthday Gifts for Friends Mom Wife - Going Away Gifts for Friends Moving","QOMOLANGMA GOOSE","$18.99","1,020","25","$19,370","04/19/2021","$12.37","4.6","1,291","$6.62","37,420","7","FBA","4","Home & Kitchen","Standard","4.02 x 3.11 x 4.89 in","8 oz","https://www.amazon.com/dp/B092YQLGNL"
"","","B08R5Z9LXX","96NORTH Luxury Vanilla Soy Candles | Large 3 Wick Jar Candle | Up to 50 Hours Burning Time | 100% Natural Soy Wax | Relaxing Aromatherapy Aesthetic Candle | Housewarming Gift for Men and Women","96NORTH","$24.95","3,235","103","$80,713","03/30/2021","$16.69","4.3","2,558","$8.26","8,801","6","FBA","2","Health & Household","Standard","4.49 x 3.27 x 4.49 in","14.22 oz","https://www.amazon.com/dp/B08R5Z9LXX"
"","","B0B2N453F3","Gifts for Women Men-Scented Candles 100% Pure Natural Soybean Wax with Plant Essential Oils, Perfect for Bath, Yoga, Christmas, Birthday, Mother's Day","Haobell","$9.98","196","10","$1,956","06/24/2022","$4.66","4.5","701","$5.32","56,828","6","FBA","1","Health & Household","Standard","3.7 x 2.83 x 2.83 in","0.875 lb","https://www.amazon.com/dp/B0B2N453F3"
"","","B08R5VB93K","96NORTH Luxury Coconut Soy Candle | Large 3 Wick Jar Candle | Up to 50 Hours Burning Time | Tropical Beach Scented Candles for Home | 100% Natural Soy Wax | Housewarming Gift for Women and Men","96NORTH","$24.95","2,841","103","$70,883","03/30/2021","$16.69","4.3","2,558","$8.26","7,582","6","FBA","1","Home & Kitchen","Standard","4.49 x 3.27 x 4.49 in","14.22 oz","https://www.amazon.com/dp/B08R5VB93K"
"","","B07TYM4LMX","Scented Candles Gift Set, 8% Essential Oil, 4 Pack Aromatherapy Candle, Stress Relief Gifts for Women,120H Burning, Candles for Home Scented, Ideal for Birthday, Christmas, Thanksgiving, Mother's Day","LKDJR","$19.99","2,568","105","$51,334","07/25/2019","$11.85","4.6","3,773","$8.14","8,607","7","FBA","1","Health & Household","Standard","7.17 x 7.24 x 2.6 in","1.649 lb","https://www.amazon.com/dp/B07TYM4LMX"
"","","B07TC7FYG9","Lavender Scented Soy Candles Gift Set - Large Aromatherapy Tins for Home, Bath & Spa - Birthday Gifts for Women, Girlfriends & Mom","YINUO LIGHT","$16.99","1,385","54","$23,531","07/11/2019","$10.90","4.6","10,576","$6.09","16,510","6","FBA","1","Home & Kitchen","Standard","1 x 1 x 1 in","4.4 oz","https://www.amazon.com/dp/B07TC7FYG9"
"","","B0CCR8755L","Scented Candles, BOYUJK Candles for Home Scented, Scented Candle Set for Stress Relief and Promote Sleep, Candles Gifts for Women and Men","BOYUJK","$9.99","1,775","83","$17,732","07/24/2023","$5.65","4.2","80","$4.34","10,627","6","FBA","1","Health & Household","Standard","1 x 1.5 x 1 in","3.5 oz","https://www.amazon.com/dp/B0CCR8755L"
"","","B07HB8PM7V","French Lavender Vanilla Scented Candles Aromatherapy Gifts for Women | 15.8 oz Soy Candle Long Lasting Scented Candles for Home | Stress Relief Candles 3 Wick | Office Gifts for Women","T&H","$23.99","529","19","$12,691","11/17/2018","$15.25","4.5","1,303","$8.74","35,540","7","FBA","1","Health & Household","Standard","6.06 x 6.22 x 4.65 in","1.751 lb","https://www.amazon.com/dp/B07HB8PM7V"
"","","B0983WTG21","Cranberry Rose Scented Candle with Crystal Inside, Healing Rose Quartz Crystal Candle and Dried Flowers, 10oz Soy Wax 55 Hours Long Lasting Burn | Love","AROMOUNT","$24.95","510","17","$12,725","11/02/2021","$17.73","4.4","296","$7.22","38,927","7","FBA","1","Health & Household","Standard","3.27 x 4.02 x 3.27 in","10 oz","https://www.amazon.com/dp/B0983WTG21"
"","","B08G7G9YP9","Homesick Women's Thanks Candle, Thank You Mom, 13.75 oz","Homesick","$22.80","5,055","230","$115,254","09/04/2020","$14.24","4.4","1,661","$8.56","2,486","4","FBA","1","Home & Kitchen","Standard","3.78 x 7.913 x 3.622 in","1.603 lb","https://www.amazon.com/dp/B08G7G9YP9"
"","","B0B589339K","Candles Gifts for Women - Birthday Gifts for Women, Mom, Her, Wife, Girlfriend - Valentines Day Gifts for Her - Butterfly Gifts for Women Candles 10Oz","EROSI","$21.95","200","6","$4,390","08/16/2022","$13.52","4.7","458","$8.43","138,781","7","FBA","1","Home & Kitchen","Standard","3 x 4 x 3 in","1 lb","https://www.amazon.com/dp/B0B589339K"
"","","B075SSW3Q7","WoodWick Medium Hourglass Candle, Vanilla Sea Salt - Premium Soy Blend Wax, Pluswick Innovation Wood Wick, Made in USA","WoodWick","$18.99","7,999","263","$151,901","06/28/2017","$11.00","4.6","9,122","$7.99","2,023","6","AMZ","5","Home & Kitchen","Standard","4.13 x 3.98 x 10.2 in","1.51 lb","https://www.amazon.com/dp/B075SSW3Q7"
"","","B0CH9XTRZT","TranquilBlissLavender Candles for Home Scented, 8 oz Aromatherapy Candles Gift, Purple Jar Candles, Natural Soy Candles for Women, 45 Hour Long-Lasting Burn Scented Candles for Christmas - 1 Pack","TranquilBliss","$9.99","1,039","37","$10,380","10/29/2023","$5.42","4.3","107","$4.57","21,430","7","FBA","1","Health & Household","Standard","3 x 3.6 x 3 in","8 oz","https://www.amazon.com/dp/B0CH9XTRZT"
"","","B08R9GRWZT","AGOL 2 Pack Scented Candles, 2.5 oz Aromatherapy Candles for Home Scented, Natural Soy Candles with Floral Scents, Portable Small Jar Candle Set for Travel, Spa, Bath, Yoga, Home Decor Candle","AGOL","$6.96","1,247","49","$8,679","12/24/2020","$2.86","4.3","2,394","$4.10","16,950","6","FBA","1","Health & Household","Standard","2.44 x 7.48 x 2.44 in","2.5 oz","https://www.amazon.com/dp/B08R9GRWZT"
"","","B0BZHG852Z","Butterfly Candle Gift for Women - Unique Gifts for Birthdays, New Jobs, Anniversaries, Christmas, Thanksgiving","Kelly's Custom Candles","$14.23","1,139","156","$16,208","03/23/2023","$8.56","4.5","414","$5.67","4,372","6","FBA","2","Home & Kitchen","Standard","2.36 x 6.3 x 2.36 in","3.53 oz","https://www.amazon.com/dp/B0BZHG852Z"
"","","B0C9JJZQZH","Candles Gifts for Women - Scented Candles, Natural Soy Wax Candles for Home Scented Perfect for Christmas, Birthday, Mother's Day, Lavender Candles","Lihome","$9.99","1,262","218","$12,607","06/26/2023","$4.72","4.4","1,192","$5.27","2,706","6","FBA","1","Home & Kitchen","Standard","2.75 x 3.55 x 2.75 in","7 oz","https://www.amazon.com/dp/B0C9JJZQZH"
"","","B0CB154PVQ","4 Pack Candles for Home Scented, 28 oz 200 Hour Long Lasting Candles Set,Sage Candles for Cleansing House & Lavender Candle for Stress Relief,Aromatherapy Jar Candles Gifts for Women","PELN","$23.99","485","12","$11,635","07/24/2023","$13.66","4.6","1,131","$10.33","76,822","7","FBA","1","Home & Kitchen","Standard","2.9 x 3.8 x 2.9 in","4.03 lb","https://www.amazon.com/dp/B0CB154PVQ"
"","","B08T1XYNG9","Scented Candles Gift Set,12 Pack Candles for Home Scented, 300 Hour Long Lasting Soy Wax Aromatherapy Candle Set, Birthday Gifts for Women with Gift Box","LAJDL","$23.99","594","22","$14,250","01/17/2021","$16.85","4.6","2,386","$7.14","32,335","6","FBA","3","Health & Household","Standard","8.86 x 2.25 x 9.25 in","2.5 oz","https://www.amazon.com/dp/B08T1XYNG9"
"","","B083TWDCRZ","Best Friend Birthday Gifts | Classy, Sassy | Funny Candles for Women Adult Humor | Coconut + Lime + Floral Scent | Boss Candles for Women, Men | Retirement Gifts for Woman |100% Soy| Made in USA","CEDAR CRATE MARKET","$19.95","90","4","$1,796","01/12/2020","$11.82","4.8","1,742","$8.13","205,976","7","FBA","2","Home & Kitchen","Standard","3.5 x 4.25 x 3.5 in","1.25 lb","https://www.amazon.com/dp/B083TWDCRZ"
"","","B08YNN2VZC","Scented Candles Gifts for Women, 8 Pack Candles for Home Scented, Soy Scented Candles for Home, Aromatherapy Candle Gifts Set for Christmas Day, Birthday, Mothers Day, Valentine's Day","NVGCX","$23.99","593","24","$14,226","06/15/2021","$15.25","4.4","1,688","$8.74","30,065","7","FBA","1","Health & Household","Standard","6.14 x 1.93 x 11.61 in","1.94 lb","https://www.amazon.com/dp/B08YNN2VZC"
"","","B09L44C9XH","UOKPT Lavender Scented Candle Gifts for Women Unique Friendship Gift for Best Friend BFF Bestie Personalized Birthday Christmas Presents for Mothers Sister Men Female Coworker, 2.8*2.8*3.7 inches","UOKPT","$16.99","971","47","$16,497","11/21/2021","$10.67","4.6","797","$6.32","19,135","7","FBA","2","Home & Kitchen","Standard","2.8 x 3.7 x 2.8 in","7 oz","https://www.amazon.com/dp/B09L44C9XH"
"","","B0CHJMDBJJ","COCORRNA Scented Candle Set - 4 Pack/ 3.8 Oz Sandalwood Rose/Cashmere Vanilla/White Lotus/Lavender Thyme - Christmas Gifts Set Aromatherapy Candles Gifts for Men Women","COCORRNA","$16.99","750","25","$12,742","09/06/2023","$8.85","4.5","44","$8.14","36,787","6","FBA","1","Home & Kitchen","Standard","5 x 5 x 5 in","1.51 lb","https://www.amazon.com/dp/B0CHJMDBJJ"
"","","B089GPNWMS","LA JOLIE MUSE Rose Noir & Oud Scented Candle, Rose Candle for Home, Candle Gift for Women, Wood Wicked Glass Jar Candles for Home Scented, Large Candle, Long Burning Time, 19.4 Oz","LA JOLIE MUSE","$36.00","2,818","90","$101,448","05/31/2020","$25.46","4.5","3,070","$10.54","8,982","6","FBA","1","Home & Kitchen","Standard","4.2 x 5.7 x 4.2 in","1.21 lb","https://www.amazon.com/dp/B089GPNWMS"
"","","B0CF21X7FN","Soy Candles Gifts for Women, Aromatherapy Candle Set, 4 Pack 4.4oz Lavender Vanilla Lemon Fig Candle for Home Scented 120H Burning, Christmas Birthday Holiday Valentines Day Presents Small Gifts","SUPERSUN","$14.99","150","5","$2,249","08/07/2023","$7.00","4.4","60","$7.99","94,386","7","FBA","1","Health & Household","Standard","7.48 x 2.36 x 7.48 in","1.46 lb","https://www.amazon.com/dp/B0CF21X7FN"
"","","B09MM1TZ85","Healing Crystal Candle, 12oz - 3 Wick Taurus, Virgo, Capricorn Zodiac Candles with Crystals Inside. Zodiac Gifts for Women, Real Crystals and Healing Stones Manifestation Candle, Meditation Candle","THE MINDFUL COLLECTIVE","$32.92","1,547","61","$50,927","11/25/2021","$24.21","4.7","690","$8.71","14,275","7","FBA","1","Home & Kitchen","Standard","5 x 4 x 5 in","12 oz","https://www.amazon.com/dp/B09MM1TZ85"
"","","B0BS148L5X","10 Jars Thank You Candle Gift Set 3.5oz Religious Christian Scented Candles for Women Teacher Employee Appreciation Motivational Inspirational Coworkers Gifts for Valentines Mother's Day Bulk(Brown)","Lewtemi","$32.99","64","3","$2,111","01/09/2023","$24.50","3.4","24","$8.49","297,929","7","FBA","1","Home & Kitchen","Standard","2.36 x 2.56 x 2.36 in","3.5 oz","https://www.amazon.com/dp/B0BS148L5X"
"","","B0B4DJW4XH","Janos Fernando Aromatherapy Candle Gift Set - Soy Scented Candles with Essential Oils -Motivational Words, Ideal for Relaxation","JANOS FERNANDO","$24.95","327","10","$8,159","06/16/2022","$15.42","4.5","113","$9.53","58,719","7","FBA","1","Health & Household","Standard","10.04 x 3.07 x 10.04 in","1.49 lb","https://www.amazon.com/dp/B0B4DJW4XH"
"","","B0BQ2TZ1NV","Valentines Day Gifts for Her,Sister Gifts for Sisters from Sisters Scented Candle Gifts for Mom,Women,Christmas Gifts for Girlfriend,Birthday Gifts for Mom,Funny Gifts Ideas, Friendship Gifts","Hocis","$16.99","5,400","395","$91,746","12/13/2022","$10.97","4.6","315","$6.02","1,033","7","FBA","4","Home & Kitchen","Standard","3 x 3.3 x 3 in","9 oz","https://www.amazon.com/dp/B0BQ2TZ1NV"
"","","B0B353N2XZ","Happy Birthday Candle - Vanilla Birthday Cake Scent with Sprinkles Cute Birthday Gifts for Women Ideas, Made in USA, 9 oz - Cool Unique Bday Gift for Her, Best Friend, Men","MINT SUGAR CANDLE COMPANY","$15.99","2,459","93","$39,319","06/13/2022","$9.07","4.6","609","$6.92","8,604","7","FBA","1","Home & Kitchen","Standard","2.75 x 3.5 x 2.75 in","15.87 oz","https://www.amazon.com/dp/B0B353N2XZ"
"","","B0CHMCY6D4","Scented Candle for Home Scented, Strong Fragranced Aromatherapy Candles - 7.6 Oz, 100% Soy Wax - Winter Candles Valentines Day Gift for Men & Women in Black Jar, Rose&Sandalwood","TranquilBliss","$13.99","2,330","63","$32,597","10/30/2023","$8.12","4","165","$5.87","13,681","6","FBA","2","Health & Household","Standard","2.76 x 3.54 x 2.76 in","7.6 oz","https://www.amazon.com/dp/B0CHMCY6D4"
"","","B08XGL76FP","Healing Crystals Candle - 12 oz Soy Lavender Candles for Women. Aromatherapy Candle with Real Crystals and Stones. Spiritual Gifts for Women, Self Care Yoga Crystal Valentines Day Gifts for Women","THE MINDFUL COLLECTIVE","$29.95","320","17","$9,584","02/24/2021","$21.69","4.7","678","$8.26","56,140","6","FBA","1","Home & Kitchen","Standard","5 x 4 x 5 in","12 oz","https://www.amazon.com/dp/B08XGL76FP"
"","","B004G9C0SQ","Yankee Candle Pink Sands Scented, Classic 22oz Large Jar Single Wick Candle, Over 110 Hours of Burn Time","Yankee Candle","$15.49","23,510","1,041","$364,170","04/30/2007","$7.38","4.6","48,644","$8.11","158","6","AMZ","11","Home & Kitchen","Standard","6.85 x 10.079 x 5.158 in","2.822 lb","https://www.amazon.com/dp/B004G9C0SQ"
"","","B0B74R1VKS","LA JOLIE MUSE Lavender Candle, Valentines Day Gifts for Her, Large Natural Soy Candle, 90 Hours Burning Time, Wood Wicked Candle, Aromatherapy Candle Gifts for Women, Luxury Candles for Home","LA JOLIE MUSE","$36.00","3,656","126","$131,616","08/30/2022","$25.46","4.4","5,292","$10.54","5,855","6","FBA","1","Home & Kitchen","Standard","4.2 x 5.7 x 4.2 in","1.21 lb","https://www.amazon.com/dp/B0B74R1VKS"
"","","B0C9ZWCXHG","4 Pack Soy Aromatherapy Candles, Candles for Home Scented, 7.1 oz White Jar Candle Gifts Set, Over 50 Hours of Burn Time - Lavender/Lavender/Sage/Cactus Blossom - Holiday Gifts for All","THORNWOLF","$24.99","801","32","$20,017","07/02/2023","$14.51","4.4","2,653","$10.48","29,154","7","FBA","1","Home & Kitchen","Standard","2.8 x 3.5 x 2.8 in","4.1 lb","https://www.amazon.com/dp/B0C9ZWCXHG"
"","","B088BP8J2T","Benevolence LA Bergamot & Jasmine Scented Candles | Jar Candle Black, 6 Oz Valentine Candles, Manly Candles for Men | Scented Candle for Men, Jasmine Candle, Aromatherapy Candles for Women","Benevolence LA","$17.99","739","25","$13,295","05/06/2020","$11.75","4.2","4,246","$6.24","36,941","6","FBA","3","Home & Kitchen","Standard","4.69 x 3.27 x 4.69 in","6 oz","https://www.amazon.com/dp/B088BP8J2T"
"","","B09SPC9R5C","Candlesee Scented Candle, Relaxing Aromatherapy Candles Set 4-Pack of 100% Natural Soy Wax, 4.4oz Each, Long-Lasting 120hr Burn, Perfect for Stress Relief, Yoga, Wedding, Birthday, Mother's Day Gifts","CANDLESEE","$9.99","195","7","$1,948","02/16/2022","$5.65","4.4","332","$4.34","73,641","6","FBA","1","Health & Household","Standard","3 x 2 x 3 in","4.4 oz","https://www.amazon.com/dp/B09SPC9R5C"
"","","B099F224DN","Scented Candles Gift Set for Women: 4.4 Oz Pack of 4 Soy Wax Aromatherapy Candle with Strongly Fragrance Essential Oils for Stress Relief or Christmas Birthday Mother's Day","LEOSAN","$13.99","264","11","$3,693","07/13/2021","$6.75","4.4","987","$7.24","54,983","6","FBA","1","Health & Household","Standard","2.6 x 2 x 2.6 in","1.58 lb","https://www.amazon.com/dp/B099F224DN"
"","","B0C4CX76KJ","Hummingbird Gifts for Women,Rotating Candles for Mom,Unique Candles Gifts for Her,Scented Candle for Birthday,Valentines Day, Easter, Mother's Day,Gifts for Women Who Want Nothing","Curimama","$24.75","1,346","42","$33,314","05/04/2023","$16.52","4.7","403","$8.23","21,782","7","FBA","1","Home & Kitchen","Standard","5.1 x 7.3 x 5.1 in","13.12 oz","https://www.amazon.com/dp/B0C4CX76KJ"