"Export time:  1/30/2024, 5:10:03 PM","","ASIN","Product Name","Brand","Price","Monthly Units Sold","Daily Units Sold","Monthly Revenue","Date First Available","Net Revenue","Star Rating","Reviews","Amazon Fees","BSR","LQS","Seller Type","Sellers","Category","Product Tier","Dimensions","Weight","Link"
"","","B0B76QGGPV","Gamtik Individual Storage Bag Organizer for Kitchen Drawer, with Foil and Plastic Wrap Organizer for Kitchen Organizers and Storage, for Gallon, Quart, Sandwich, Snack","Gamtik","$39.95","5,655","177","$225,917","07/20/2022","","4.4","742","","1,024","6","FBA","1","Kitchen & Dining","","","","https://www.amazon.com/dp/B0B76QGGPV"
"classroom organizer","","B07TJR88RG","HIIMIEI Acrylic Slant Sign Holder 8.5x11 6 Pack, Plastic Table Menu Display Stand Holder, Plexi Single Ad Frame for Restaurants,Hotels,Stores","HIIMIEI","$28.99","310","22","$8,987","07/16/2019","$17.91","4.6","730","$11.08","11,156","7","FBA","1","Office Products","Standard","9.33 x 4.57 x 12.58 in","4.22 lb","https://www.amazon.com/dp/B07TJR88RG"
"Average Monthly Sales: 1,973","","B079N39MFY","Angeles Value Line Kids Bookshelf Organizer, Narrow 2-Shelf Classroom Bookshelf for Kids and Toddlers","Angeles","$183.01","30","1","$5,490","02/05/2018","$105.87","4.3","27","$77.14","618,440","6","AMZ","2","Home & Kitchen","Oversize","36 x 26 x 12 in","41 lb","https://www.amazon.com/dp/B079N39MFY"
"Average Revenue: $57,229","","B0CMYX45BK","Auchq Magnetic Write  Wipe Paper Organization Chart, Dry Erase Objectives Learning Magnets for Classroom Whiteboard, Great for Classroom Goals Targets, Including 6 Magnets.","Auchq","$19.99","180","6","$3,598","12/17/2023","","4.4","7","","34,893","","FBA","1","Office Products","","","","https://www.amazon.com/dp/B0CMYX45BK"
"Average Price: $42.46","","B0CHFHM9T5","Colarr 12 Pack Plastic Magazine File Holder Desk Organizer Foldable File Folder for Office Classroom Organization and Storage Desktop Binder Rack for Office Classroom Supplies","Colarr","$32.99","60","3","$1,979","09/05/2023","$21.01","","","$11.98","61,303","7","FBA","1","Office Products","Standard","10 x 11.8 x 4.13 in","5.37 lb","https://www.amazon.com/dp/B0CHFHM9T5"
"Average No. of Ratings: 4,023","","B0BKVX9DV8","YEMUNY 5 Tier Rolling Book Cart, Movable Storage Bookshelf Bookcase with Wheels, File Folder Utility Organizer for Study Office Living Room Classroom School, Light Green","YEMUNY","$35.87","750","25","$26,902","10/28/2022","","4","225","","10,048","7","FBA","1","Office Products","","","","https://www.amazon.com/dp/B0BKVX9DV8"
"Average Sales Rank: 52,115","","B0CBCF8HDX","Noamus 9 Pack Metal Pen Holder, Mini Pencil Bucket with Handle, Desktop Pencil Cup Makeup Brush Organizer, Desk Colorful Small Pails, Stationary Supplies Container for Office Classroom School Crafts","Noamus","$21.99","60","2","$1,319","07/06/2023","$12.26","5","1","$9.73","79,572","7","FBA","1","Office Products","Standard","3.9 x 4.7 x 3.9 in","3.01 lb","https://www.amazon.com/dp/B0CBCF8HDX"
"Average Rating Number: 4.4","","B08LMMNG74","Simple Houseware 2 Pack Closet Socks Organizer, 24 Cell Drawer Divider, Grey","Simple Houseware","$9.96","6,300","271","$62,748","10/20/2020","$4.70","4.6","10,074","$5.26","1,925","4","FBA","1","Home & Kitchen","Standard","12 x 4.25 x 12 in","10.9 oz","https://www.amazon.com/dp/B08LMMNG74"
"","","B01GKHFQNW","EAI Education NeatSeat Classroom Chair Organizer | Name-Tag Card, Dual Inner Pockets, Set of 4","EAI Education","$39.95","","","$0.00","09/20/2016","$27.53","4.4","110","$12.42","233,307","6","FBA","1","Office Products","Standard","3 x 10.5 x 14 in","2.1 lb","https://www.amazon.com/dp/B01GKHFQNW"
"","","B08JTHFJ2L","SAVERHO 2 Pack 36 Pockets Classroom Pocket Chart for Cell Phone Calculator Holder,Clear Pocket Chart Organizer for Classroom Cellphone Storage with 36 Number Sticker Size:38.5x25.7 Inch (White-2pack)","SAVERHO","$22.99","1,155","39","$26,553","09/22/2020","$5.28","4.7","984","$17.71","6,356","7","FBA","1","Office Products","Oversize","25.7 x 0.2 x 38.5 in","1.61 lb","https://www.amazon.com/dp/B08JTHFJ2L"
"","","B07YKTVT3Y","KEEPJOY Classroom Pocket Charts for Cell Phone Calculator Holders, Pocket Organizer for Cell Phone Jail with 30 Clear Pockets Chart Size 33.5 x 24.5 Inch Classroom Pocket Storage (Beige)","KEEPJOY","$11.99","900","30","$10,791","06/02/2019","$6.42","4.6","1,137","$5.57","8,260","7","FBA","1","Office Products","Standard","5.98 x 1.69 x 12.28 in","9.6 oz","https://www.amazon.com/dp/B07YKTVT3Y"
"","","B000S12SII","Advantus, AVT34004, 10-Drawer Organizer, 1 Each, Multi","Advantus","$55.70","218","5","$12,143","04/20/2004","$28.91","4.6","696","$26.79","41,515","6","AMZ","49","Office Products","Oversize","16.6 x 5.8 x 37.3 in","13.9 lb","https://www.amazon.com/dp/B000S12SII"
"","","B0CL4TDFNJ","OUTWOLF 10 Tier Rolling File Cart, Paper Trays Cart Organizer for Classroom Homeschool Office Organization and Storage","OUTWOLF","$39.99","60","2","$2,399","10/15/2023","","3.7","5","","96,002","7","FBA","1","Office Products","Standard","11.51 x 4.42 x 12.41 in","6.86 lb","https://www.amazon.com/dp/B0CL4TDFNJ"
"","","B0C1BT76DQ","HOOBRO Mail Sorter Organizer, 27 Compartments Wooden Literature Organizer, Student Mailbox for Classroom, Desktop Paper Bill Organizer for Home, Office, School, Greige BG27WF01","HOOBRO","$109.99","274","10","$30,137","07/17/2023","","4.7","28","","23,266","7","FBA","1","Office Products","","","","https://www.amazon.com/dp/B0C1BT76DQ"
"","","B01N1ISUZ0","Board Geeks Dry Erase Board 9'x12'- Small 25 Classroom Mini White Boards for Students, Teachers | Double Sided Small White Board Bulk (25 Pk)","Board Geeks","$34.99","1,585","73","$55,459","11/21/2016","$25.92","4.8","1,518","$9.07","3,176","6","FBA","4","Office Products","Standard","9 x 0.1 x 12 in","6.4 oz","https://www.amazon.com/dp/B01N1ISUZ0"
"","","B0C1FVGWVN","Really Good Stuff Durable Book and Binder Holders - Boho, Set of 6","Really Good Stuff","$37.79","315","11","$11,904","04/03/2023","$24.79","4.6","469","$13.00","21,427","6","AMZ","2","Office Products","Standard","12.5 x 5.25 x 13.5 in","2.7 lb","https://www.amazon.com/dp/B0C1FVGWVN"
"","","B0CHYRS3K1","Drawer Organizer Clothes,16 Pack Underwear Drawer Organizers, Foldable Closet Organizers and Storage Dresser Drawer Dividers Clothing Organizer for Clothes, Socks, Scarves, Bra, Ties (Grey)","Criusia","$59.99","5,391","163","$323,406","09/12/2023","","4.7","2,447","","4,130","7","FBA","1","Home & Kitchen","","","","https://www.amazon.com/dp/B0CHYRS3K1"
"","","B0C6F2BCJD","AFMAT Heavy Duty Electric Pencil Sharpener, Classroom Pencil Sharpeners for 6-11mm No.2/Colored Pencils, Pencil Sharpener for Large Pencils, Auto Stop, Sharp Point, Save Pencils, Teachers Must Have","AFMAT","$32.99","2,539","94","$83,762","05/25/2023","$22.90","4.7","1,455","$10.09","2,333","6","FBA","1","Office Products","Standard","5.55 x 4.29 x 8.43 in","1.68 lb","https://www.amazon.com/dp/B0C6F2BCJD"
"","","B0CMZMSPMV","Lavatino 8 Compartments Paper Organizer for Desk, Mesh Literature Organizer, Mail File Sorter Tray with Handle, Desktop Mailbox for Office Classroom Home, Black","Lavatino","$43.99","153","4","$6,730","11/08/2023","","4.8","7","","48,030","6","FBA","1","Office Products","","","","https://www.amazon.com/dp/B0CMZMSPMV"
"","","B002OHDTMI","Honey-Can-Do Rolling Storage Cart and Organizer with 12 Plastic Drawers","Honey-Can-Do","$74.99","4,122","101","$309,109","06/11/2007","$40.36","4.5","22,968","$34.63","2,151","6","AMZ","5","Office Products","Oversize","16.38 x 31.1 x 10.55 in","18.75 lb","https://www.amazon.com/dp/B002OHDTMI"
"","","B000J07KHM","Safco, Vertical Desktop Sorter, Wooden Paper Organizer for Home Office and Classroom, 11 Adjustable, Letter-Size Compartments, Gray","Safco","$40.70","229","12","$9,320","06/20/2007","$25.66","4.2","1,211","$15.05","20,754","7","AMZ","9","Office Products","Oversize","10.75 x 16 x 12 in","0.16 oz","https://www.amazon.com/dp/B000J07KHM"
"","","B0C8592KT3","2 Pack 10-Tier Desktop File Sorter Desk Organizer Letter Tray Paper Organizer for Desk, Mesh Desk File Holder Storage Organization for Home Office School","Kuntine.B","$52.99","250","7","$13,248","06/14/2023","","3.9","11","","31,615","6","FBA","2","Office Products","","","","https://www.amazon.com/dp/B0C8592KT3"
"","","B09F6WVWY1","Simple Houseware Closet Drawer Organizer for Clothes, Socks and Underware, 3 Pack, Grey","Simple Houseware","$12.86","6,154","271","$79,140","08/31/2021","$7.16","4.6","10,074","$5.70","1,925","5","FBA","1","Home & Kitchen","Standard","12 x 3.75 x 12 in","10.9 oz","https://www.amazon.com/dp/B09F6WVWY1"
"","","B07CG2R9ST","Simple Houseware 24 Pockets Large Clear Pockets Over The Door Hanging Shoe Organizer, Gray (56' x 22.5')","Simple Houseware","$9.97","28,371","884","$282,859","04/12/2018","$-9.59","4.7","122,779","$19.56","223","5","FBA","1","Home & Kitchen","Oversize","22.5 x 56 x 2.75 in","1 lb","https://www.amazon.com/dp/B07CG2R9ST"
"","","B0C6MD63M5","BOHDK Wall File Organizer 10 Pockets, Hanging File Organizer, Foldable Mesh Hanging File Holder with Label Panel | 2 Hooks | Wall Mount & Door Hanging for Office Home","BOHDK","$49.99","428","13","$21,396","05/29/2023","$29.75","4.3","249","$20.24","18,611","7","FBA","1","Office Products","Oversize","3.7 x 31.8 x 13 in","4.8 lb","https://www.amazon.com/dp/B0C6MD63M5"
"","","B0CHFG22TK","Colarr 6 Pack Plastic Magazine File Holder Desk Organizer Foldable File Folder for Office Classroom Organization and Storage Desktop Binder Rack for Office Classroom Supplies","Colarr","$21.99","75","3","$1,649","09/05/2023","","","","","61,303","7","FBA","1","Office Products","","","","https://www.amazon.com/dp/B0CHFG22TK"
"","","B0CJC5L3N5","Gueevin 8 Pcs Stackable Paper Trays Colorful Letter Trays Plastic File Organizer Tray File Storage for Classroom Teacher Office Desk Supplies, 13 x 10 x 2.76 Inch(Dark Color)","Gueevin","$32.99","30","1","$989.70","09/18/2023","$20.71","","","$12.28","166,346","7","FBA","1","Office Products","Standard","7.08 x 12.99 x 10.23 in","3.46 lb","https://www.amazon.com/dp/B0CJC5L3N5"
"","","B0C3G8T3XS","Marbrasse Desktop Literature Organizer, Mesh Paper Organizer, Desk Organizers, File Sorter Mail Center Paper Storage Cabinet Classroom Keepers Mailbox for Office Home School, Black","Marbrasse","$69.99","9,129","321","$638,939","04/24/2023","$46.37","4.7","2,888","$23.62","427","6","FBA","2","Office Products","Oversize","2 x 17 x 19 in","11.62 lb","https://www.amazon.com/dp/B0C3G8T3XS"
"","","B0C1BZFRN1","HOOBRO Wooden Literature Organizer, 12 Compartments Mail Sorter, Mail Organizer, File Organizer with Adjustable Shelves, Mailbox for Office, Study, Classroom, Rustic Brown FG43WF01","HOOBRO","$49.99","190","8","$9,498","07/24/2023","","4.8","10","","30,277","6","FBA","1","Office Products","","","","https://www.amazon.com/dp/B0C1BZFRN1"
"","","B0B39N7R52","Cesil 3Pcs Accordian File Organizer Expanding File Folder, 13 Pockets File Holder Organizer, A4 Letter Size Paper Document Receipt Organizer Accordion Filing Folder for Classroom, Home, Office","Cesil","$23.99","3,829","119","$91,858","06/05/2022","$15.25","4.6","704","$8.74","1,755","7","FBA","1","Office Products","Standard","9.44 x 1.18 x 13.38 in","1.76 lb","https://www.amazon.com/dp/B0B39N7R52"
"","","B0C162L57Q","PUZZLE EZ Black Rotating Desk Organizer Lazy Susan Caddies for Home School Office Supplies, Pens, Markers and Art Supplies for Classroom","PUZZLE EZ","$25.99","324","10","$8,421","03/31/2023","$16.30","4.8","201","$9.69","24,423","6","FBA","1","Office Products","Standard","8.5 x 4.5 x 8.5 in","2.07 lb","https://www.amazon.com/dp/B0C162L57Q"
"","","B083LNRGT4","Teacher Created Resources Assorted Bright Colors Portable Plastic Storage Caddy 6-Pack for Classrooms, Kids Room, and Office Organization, (Lime, Orange, Pink, Purple, Teal, and Yellow) 3 Compartment","Teacher Created Resources","$35.99","219","10","$7,882","01/07/2020","$17.09","4.4","123","$18.90","24,282","6","AMZ","7","Office Products","Oversize","11 x 14.5 x 10.5 in","3.45 lb","https://www.amazon.com/dp/B083LNRGT4"
"","","B0CDC6Q2WJ","EOENVIVS Set of 12 Open Storage Bins Multiple-Use Desk Organizer Bins Small Baskets for Organizing Office Home Classroom Bathroom Essentials, Blue8.5x6.3x4.3 inches","EOENVIVS","$21.99","264","7","$5,805","07/31/2023","$12.90","4.7","40","$9.09","30,765","7","FBA","1","Office Products","Standard","6.3 x 4.3 x 8.5 in","2.81 lb","https://www.amazon.com/dp/B0CDC6Q2WJ"
"","","B0B56H219T","24 Pcs Chair Pockets Classroom Student Chair Organizer 8 Colors Seat Storage with Name Tag Slot for School, Name Tag is Not Included, Classroom, Home, Group Team Organizers, 16 x 19 Inch (Navy Blue)","Maitys","$75.99","64","3","$4,863","06/26/2022","$56.66","4.2","35","$19.33","59,136","7","FBA","1","Office Products","Standard","13.39 x 5.12 x 16.54 in","8.19 lb","https://www.amazon.com/dp/B0B56H219T"
"","","B0C5HPQL44","Tatuo 24 Classroom Storage Baskets Storing Document Organizer Plastic Baskets for Organizing Small Plastic Bins Paper Basket for Desk Paper Trays for Home Office Supplies, 5.31 x 5.31 x 2.44 (Black)","Tatuo","$26.99","70","5","$1,889","05/16/2023","$17.15","","","$9.84","46,312","7","FBA","1","Office Products","Standard","0.39 x 0.39 x 0.39 in","2.29 lb","https://www.amazon.com/dp/B0C5HPQL44"
"","","B0B9RGHCMH","HOOBRO Wooden Literature Organizer, 12-Slot File Sorter, Removable Mail Sorter, Classroom Mailbox, Mail Organizer, Paper Storage Organizer, for Home, Office, Study, Classroom, Rustic Brown FG12WF01","HOOBRO","$49.99","492","12","$24,595","11/15/2022","","4.5","73","","20,753","7","FBA","2","Office Products","","","","https://www.amazon.com/dp/B0B9RGHCMH"
"","","B0CH15Q1RP","Barydat Kids Book Shelves Children Book Display Single-Sided Book Display Wood Bookcase for Kids, 5 Tier Storage Display Rack Organizer Holder for Home Classroom Kids Bedroom Playroom","Barydat","$102.99","90","3","$9,269","11/25/2023","","3.5","2","","255,327","7","FBA","1","Home & Kitchen","","","","https://www.amazon.com/dp/B0CH15Q1RP"
"","","B0CNX5G8GN","BROVIEW Storage Cubes 11 Inch Cube Storage Bins, Woven Storage Basket for Organizing, 3 Pack Cotton Rope Baskets for Shelves, Closet Organizer, Classroom Kids Toy Bin, Baby Nursery","","$37.99","150","5","$5,699","","","","","","16,187","","FBA","","Baby","","","","https://www.amazon.com/dp/B0CNX5G8GN"
"","","B0C68J27Y2","Thyle 12 Pieces Classroom Storage 6 Pcs Assorted Colors Classroom Caddy Table Caddy for Classroom 6 Pcs Assorted Colors Paper Organizer Bins Book Bins for School Classroom Office Supplies","Thyle","$50.99","20","1","$1,020","05/24/2023","$28.70","3.1","3","$22.29","123,641","6","FBA","1","Office Products","Oversize","14.17 x 10.23 x 14.56 in","5.44 lb","https://www.amazon.com/dp/B0C68J27Y2"
"","","B0CFL2JB2Z","Ireer 4 Pieces Cardboard Paper Organizer, Classroom Mailboxes, Construction Paper Storage, Compartment Literature Sorters, Classroom Organizers for Student Office School(Multicolor)","Ireer","$74.99","48","2","$3,600","08/13/2023","$49.86","1","1","$25.13","100,293","7","FBA","1","Office Products","Oversize","24.21 x 0.78 x 32.28 in","13.27 lb","https://www.amazon.com/dp/B0CFL2JB2Z"
"","","B0B2JVW14X","Maitys 16 Pieces Chair Pockets Classroom Student Chair Organizer 8 Colors Seat Storage with Name Tag Slot for School, Classroom, Home, Group Team Organizers for Kids, 16 x 19 Inch (Blue Background)","Maitys","$45.99","41","2","$1,886","05/26/2022","$32.06","3.8","34","$13.93","77,898","6","FBA","1","Office Products","Standard","9 x 9 x 5 in","5.099 lb","https://www.amazon.com/dp/B0B2JVW14X"
"","","B08C2XFZWZ","Set of 6 Rainbow Classroom Turn in Trays for Teachers, Plastic Storage Baskets for Office Use (9 x 13 x 3 in)","Bright Creations","$23.99","346","12","$8,301","06/29/2020","$13.36","4.3","152","$10.63","20,553","6","FBA","1","Office Products","Standard","9.75 x 13.5 x 5.75 in","2.1 lb","https://www.amazon.com/dp/B08C2XFZWZ"
"","","B0CJX5FPD8","Neatsure Acrylic Magnetic Dry Erase Marker Holder, Magnetic Pen Pencil Cup Holder Organizer for Whiteboard, Fridge, Locker - Clear","Neatsure","$16.99","360","12","$6,116","09/26/2023","$9.92","","","$7.07","20,376","7","FBA","1","Office Products","Standard","4.8 x 2.36 x 7.8 in","12.3 oz","https://www.amazon.com/dp/B0CJX5FPD8"
"","","B0CMW6Q7G1","IRIS USA Small 3-Drawer Desktop Organizer, 4 Pack, Stackable, for Office, School, Stationary, Makeup Organizer, Bathroom, Utility, Medical Supplies, Desk Organizer, Versatile Storage, Black","IRIS","$32.99","4,877","158","$160,892","11/06/2023","$21.31","4.7","8,497","$11.68","1,209","7","AMZ","7","Office Products","Standard","6.75 x 6.88 x 8.38 in","4.6 lb","https://www.amazon.com/dp/B0CMW6Q7G1"
"","","B0C65TF2Q9","Youbetia 360-Degree Rotate Pencil Holder, Office Desk Organization Art Supply Storage Organizer, Desktop Pencil Cup Desk Accessories for Office Supplies, Pen Organizer for School Stationary (BLACK)","Youbetia","$13.99","1,247","55","$17,446","07/13/2023","","4.8","147","","4,374","7","FBA","1","Office Products","","","","https://www.amazon.com/dp/B0C65TF2Q9"
"","","B09R1V45Y6","Sywhitta 3-Tier Plastic Rolling Utility Cart with Handle, Multi-Functional Storage Trolley for Office, Living Room, Kitchen, Movable Storage Organizer with Wheels, Black","Sywhitta","$25.97","22,053","671","$572,716","01/23/2022","$14.74","4.3","7,337","$11.23","120","7","FBA","2","Office Products","Standard","12.008 x 16.654 x 4.764 in","3.556 lb","https://www.amazon.com/dp/B09R1V45Y6"
"","","B09YJ2P74V","SimpleHouseware 12-Drawers Rolling Storage Cart, Multicolor","Simple Houseware","$72.87","1,225","37","$89,266","06/19/2022","$46.16","4.4","2,817","$26.71","6,642","5","FBA","1","Office Products","Oversize","22 x 3 x 40 in","19 lb","https://www.amazon.com/dp/B09YJ2P74V"
"","","B0B7DYCX2F","SUPEASY Desk Organizers Metal Desk Magazine File Holder with 5 Vertical Compartments Rack File Organizer for Office Desktop, Home Workspace, Black","SUPEASY","$26.99","1,641","41","$44,291","07/22/2022","","4.4","525","","6,018","6","FBA","2","Office Products","","","","https://www.amazon.com/dp/B0B7DYCX2F"
"","","B01GIL6EU4","Amazon Basics Portable Foldable Photo Studio Box with LED Light, 1 Count (Pack of 1), Black, 25 x 30 x 25 Inches","Amazon Basics","$134.63","","","","10/10/2018","$108.08","4.5","3,988","$26.55","4,022","5","AMZ","7","Our Brands","Oversize","25.6 x 31.2 x 3.3 in","14.95 lb","https://www.amazon.com/dp/B01GIL6EU4"
"","","B07ZNVBM6B","ANIZER Classroom Pocket Chart for Phone Calculator Holder Over The Door Hanging Closet Jewelry Organizer with 30 Clear Pockets (GREY)","ANIZER","$12.99","106","4","$1,377","11/05/2019","$7.27","4.7","420","$5.72","51,520","6","FBA","1","Office Products","Standard","6.6 x 12.8 x 1.6 in","0.5 lb","https://www.amazon.com/dp/B07ZNVBM6B"
"","","B09WCT1NRV","EAI Education Classroom Supply Caddies for Classroom, Office and Home, No Sharp Edges, Stackable, 9 1/4' L 9' W 5' H, Assorted Colors, Set of 6","EAI Education","$42.95","72","2","$3,092","04/22/2022","$23.77","4.8","32","$19.18","98,374","6","FBA","1","Office Products","Oversize","10.2 x 10.2 x 14.6 in","4.59 lb","https://www.amazon.com/dp/B09WCT1NRV"
"","","B0CPJNC3KV","walowalo Bamboo Rotating Art Supply Organizer Holds 800+ Pencils Spinning Crayon Marker Pen Holder for Desk Brush Storage for Office School Classroom Organization Stationary Black (Larger Version)","walowalo","$42.99","390","13","$16,766","12/04/2023","","5","1","","19,105","7","FBA","1","Office Products","","","","https://www.amazon.com/dp/B0CPJNC3KV"
"","","B0CDBLLSC1","DTK 5 Tier Rolling Book Cart, Multi-Functional Mobile Bookshelf Cart with Wheels, File Folder Magazine Storage with Pen Holder, Slim Rolling Cart for Teachers, Office, Dorm, Classroom, Pink","DTK","$36.99","594","21","$21,972","07/31/2023","","4.2","9","","11,832","7","FBA","1","Office Products","","","","https://www.amazon.com/dp/B0CDBLLSC1"
"","","B0CN1578V8","Marbrasse 4 Tier Desktop Literature Organizer, Mesh Paper Organizer Desk Organizers, File Sorter Mail Center Paper Storage Cabinet Classroom Keepers Mailbox for Office Home School,white","Marbrasse","$43.98","90","3","$3,958","","","4.8","5","","67,950","","FBA","","Office Products","","","","https://www.amazon.com/dp/B0CN1578V8"
"","","B0CB6XZQ91","Caddy Organizer l Stackable Plastic Caddy with Handle | Desk, Makeup, Dorm Caddy, Classroom and Craft Organizers and Storage Box Tote | Office and Home (5-Pack)","Generic","$36.99","44","1","$1,628","07/04/2023","$25.65","5","3","$11.34","112,628","7","FBA","1","Office Products","Standard","3.54 x 9.33 x 9.37 in","2.42 lb","https://www.amazon.com/dp/B0CB6XZQ91"
"","","B01LY7YJOR","6 Pack - SimpleHouseware Classroom Magazine File Holder Organizer Box","Simple Houseware","$13.87","463","14","$6,422","09/18/2016","$8.25","4.6","14,046","$5.62","17,253","6","FBA","1","Office Products","Standard","3.75 x 12.25 x 9.68 in","4.8 oz","https://www.amazon.com/dp/B01LY7YJOR"
"","","B0CNKDFT23","DoubleFill 4 Pcs Stackable Letter Tray Rectangular Plastic Desk Organizer 13 x 9.5 x 2.6 Inch Paper Holder File Tray Accessories Rack for Desktop Office Desk Classroom Drawers Magazine Storage(Clear)","DoubleFill","$30.99","90","3","$2,789","01/04/2024","","","","","61,587","","FBA","1","Office Products","","","","https://www.amazon.com/dp/B0CNKDFT23"
"","","B0BY2F3JYM","DLUCKY 4Pcs Classroom Organization and Storage Paper Tray Holds 4A Paper,Paper Trays for Classroom Toy,Crayons,Handicrafts Storage,Also for Library, Drawers, Office, Kitchen, Bathroom","DLUCKY","$26.99","175","9","$4,723","03/09/2023","","4.7","50","","26,443","6","FBA","1","Office Products","","","","https://www.amazon.com/dp/B0BY2F3JYM"
"","","B0CJC4YKGV","Gueevin 4 Pcs Colorful Stackable Paper Trays Desk Letter Trays Organizer Plastic File Homework Classwork Collecting Trays for Teachers Students Classroom Office,13 x 10 x 2.76 Inch(Multicolor)","Gueevin","$21.99","30","1","$659.70","09/18/2023","$11.21","","","$10.78","121,569","7","FBA","1","Office Products","Standard","7.08 x 12.99 x 10.23 in","1.98 lb","https://www.amazon.com/dp/B0CJC4YKGV"
"","","B09JB9LTWT","Outus Book Bins for Classroom Plastic Cubby Bins Toy Bins for Kids Storage and Organizer Containers with 120 Pcs Self Adhesive Label for Classroom Library School Office Home(24 Pack)","Outus","$79.99","130","3","$10,399","10/12/2021","$55.25","4.5","60","$24.74","59,011","7","FBA","3","Office Products","Oversize","7.8 x 8 x 23.6 in","9.3 lb","https://www.amazon.com/dp/B09JB9LTWT"
"","","B07R89XMJN","Storex Letter Size Flat Storage Tray  Organizer Bin for Classroom, Office and Home, Assorted Colors, 5-Pack (62514E05C)","Storex","$25.06","337","14","$8,445","04/29/2019","$17.53","4.7","690","$7.53","17,189","6","AMZ","5","Office Products","Standard","10.65 x 2.96 x 13.17 in","0.48 lb","https://www.amazon.com/dp/B07R89XMJN"
"","","B0C9ZVD28K","BEYGORM Acrylic Magnetic Dry Erase Marker Holder for Whiteboard,Non-slip Magnet Pen Holder for Fridge Refrigerator,Locker Organizer for Work,Locker Accessories,Pencil Cup for Desk,School,Classroom","BEYGORM","$11.99","765","25","$9,172","07/02/2023","","4","71","","9,797","7","FBA","1","Office Products","","","","https://www.amazon.com/dp/B0C9ZVD28K"
"","","B0C7KTVCDC","24pcs Mesh Zipper Pouch Bags, Zipper Bags for Organizing, A4 Zipper Bags for Classroom Organization and Storage, Board Game Storage,Puzzle Bags","YOPCDJ","$13.99","4,816","285","$67,376","08/08/2023","$6.75","4.7","333","$7.24","516","6","FBA","1","Office Products","Standard","8.5 x 2.36 x 11.34 in","1.54 lb","https://www.amazon.com/dp/B0C7KTVCDC"
"","","B0CJY15L32","Qeeenar 24 Pcs Chair Storage Pocket 6 Bright Color Seat Storage Organizer Chairback Pocket Student Chair Pockets Chart Classroom Organizer with Name Tag for Keeping Student Table Organized (Medium)","Qeeenar","$73.99","","","","","","","","","176,698","","FBA","","Office Products","","","","https://www.amazon.com/dp/B0CJY15L32"