"Export time:  1/29/2024, 11:47:51 PM","","ASIN","Product Name","Brand","Price","Monthly Units Sold","Daily Units Sold","Monthly Revenue","Date First Available","Net Revenue","Star Rating","Reviews","Amazon Fees","BSR","LQS","Seller Type","Sellers","Category","Product Tier","Dimensions","Weight","Link"
"","","B0BY7RP2TX","Vdamu 1-Tier Magnetic File Holder - No Drilling Installation File Organizer, Large Capacity Magnetic File Holder for Refrigerator, File Cabinets, Whiteboard, Office, Kitchen","Vdamu","$24.99","577","18","$14,419","03/12/2023","$17.85","4.7","53","$7.14","13,593","7","FBA","1","Office Products","Standard","13.7 x 8.6 x 3.9 in","11.2 oz","https://www.amazon.com/dp/B0BY7RP2TX"
"magnetic file holder for refrigerator","","B0BLV6H66M","Vdamu 6-Tier Magnetic File Holder - No Drilling Installation File Organizer, Large Capacity Magnetic File Holder for Refrigerator, File Cabinets, Whiteboard, Office, Kitchen","Vdamu","$35.99","349","16","$12,561","11/08/2022","$22.96","4.6","137","$13.03","15,401","7","FBA","2","Office Products","Standard","13.07 x 4.61 x 16.65 in","3.3 lb","https://www.amazon.com/dp/B0BLV6H66M"
"Average Monthly Sales: 200","","B095BS96C1","Magnetic Sign Holder 8.5 x 11 Wall Mount,Double Sided Display Window Self-Adhesive Frame,Durable Magnetic Display Frame for Letter Size Document Sign at Office/School/Business Store/Refrigerator,6Pcs","JIUYE","$19.99","579","24","$11,574","05/18/2021","$14.07","4.4","395","$5.92","10,456","6","FBA","1","Office Products","Standard","8.5 x 0.4 x 11 in","3.35 oz","https://www.amazon.com/dp/B095BS96C1"
"Average Revenue: $4,402","","B0BLM1NBZT","Magnetic File Holder, File Organizer for File Cabinets, Mail Organizer Vertical Magazine Holder for Refrigerator, No-Drill Mount Hanging Magnetic Folder Holder for Office Home1-Tier, Black)","Patvingot","$24.99","138","4","$3,449","11/05/2022","$14.51","4.9","68","$10.48","49,504","7","FBA","1","Office Products","Standard","8.9 x 4.69 x 14.37 in","2.14 lb","https://www.amazon.com/dp/B0BLM1NBZT"
"Average Price: $24.65","","B0BXF9HB44","2 Pack Magnetic File Holder, Magnetic Paper Holder for Refrigerator, File Cabinets and Fridge, Magnetic Pocket Wall Hanging File Organizer, Magnetic File Folder Case for Mail Letter Notebook Planners","COMFYROOM","$16.99","596","25","$10,126","03/02/2023","$9.92","4.3","141","$7.07","10,098","7","FBA","1","Office Products","Standard","9.4 x 1 x 11.8 in","13.7 oz","https://www.amazon.com/dp/B0BXF9HB44"
"Average No. of Ratings: 179","","B07KXKF942","Magnetic File Holder - Magnetic Paper Holder, Pocket Organizer Office Supplies Storage Mail Organizer for Notebooks,Planners,Letter (1 Pack)","Marbrasse","$9.98","863","30","$8,613","11/26/2018","$2.69","4.4","1,667","$7.29","8,294","6","FBA","1","Office Products","Standard","1.06 x 11.8 x 9.4 in","2.2 lb","https://www.amazon.com/dp/B07KXKF942"
"Average Sales Rank: 84,478","","B0BP2FT2M8","Magnetic File Holder, File Organizer for File Cabinets, Mail Organizer Vertical Magazine Holder for Refrigerator, No-Drill Mount Hanging Magnetic Folder Holder for Office Home3-Tier, Black)","Patvingot","$31.99","134","4","$4,287","11/05/2022","$20.76","4.9","68","$11.23","49,504","7","FBA","1","Office Products","Standard","3.5 x 11.4 x 13.8 in","3.3 lb","https://www.amazon.com/dp/B0BP2FT2M8"
"Average Rating Number: 4.5","","B0BS3RH2VY","Vdamu 3-Tier Magnetic File Holder - No Drilling Installation File Organizer, Large Capacity Magnetic File Holder for Refrigerator, File Cabinets, Whiteboard, Office, Kitchen","Vdamu","$25.99","121","3","$3,145","01/10/2023","$15.36","4.6","51","$10.63","61,679","7","FBA","2","Office Products","Standard","10.98 x 4.33 x 13.39 in","2.03 lb","https://www.amazon.com/dp/B0BS3RH2VY"
"","","B0CKWW6WL8","Carmanon Acrylic Magnetic File Holder, Clear Mail Holder Wall Mount with Powerful Magnetism, Hanging Wall Magazine Organizer for Refrigerator, Whiteboard, Ofiice (2 Pack)","","$24.99","120","4","$2,999","11/09/2023","","4.8","22","","52,475","","FBA","","Office Products","","","","https://www.amazon.com/dp/B0CKWW6WL8"
"","","B0CNTRYT36","PAKAHEY 6 Tier Magnetic File HolderNo Drilling Required Folder Letter Organizer for Office File Cabinets,Refrigerator, Whiteboard, Metal Magnetic Mail Paper Storage Basket for Home, Office Supplies","PAKAHEY","$35.89","150","5","$5,384","12/25/2023","","4.4","32","","47,819","","FBA","1","Office Products","","","","https://www.amazon.com/dp/B0CNTRYT36"
"","","B0C14LC19T","Patelai 3 Pcs Magnetic File Holder First Day of School Magnetic Wall File Organizer Paper Fridge Magazine Fridge Pockets Refrigerator Storage for Locker Office Supplies(Black, Multi Size)","Patelai","$18.99","253","6","$4,804","03/30/2023","$11.00","4.5","18","$7.99","35,251","7","FBA","1","Office Products","Standard","9.4 x 1.06 x 11.8 in","1.21 lb","https://www.amazon.com/dp/B0C14LC19T"
"","","B09ZYSKPRZ","Rejuvet Super Strong 1tier Magnetic file holder for file cabinets13.9inch(35.5cm) black magnetic paper holder that holds up to 8.8 Lbs (4kgs). It is a magnetic organizer as well as a magnetic","REJUVET","$19.99","77","1","$1,539","08/01/2022","$11.85","4.8","54","$8.14","140,141","6","FBA","2","Office Products","Standard","2.76 x 6.69 x 13.98 in","1.7 lb","https://www.amazon.com/dp/B09ZYSKPRZ"
"","","B083DXKTSR","Antner 3 Pack Magnetic File Holder Magnetic Wall File Organizer Refrigerator Storage Pocket Mail Planners Case, L/M/S Size","Antner","$15.69","231","5","$3,624","01/01/2020","$8.82","4.3","854","$6.87","43,431","7","FBA","1","Office Products","Standard","10.51 x 1.77 x 14.25 in","15.5 oz","https://www.amazon.com/dp/B083DXKTSR"
"","","B0CLY8GP48","6 Pcs Magnetic File Holders, Wall-Mounted File Organizers with Hanging Holes for Refrigerators, Magnetic Paper Holders for Mails, Letters, Notebooks, Planners, Magazines, Offices, Classrooms","Lnrueg","$29.97","","","$0.00","01/04/2024","","","","","229,260","","FBA","1","Office Products","","","","https://www.amazon.com/dp/B0CLY8GP48"
"","","B0BN7JKBN2","FIROK Magnetic File Holders, 4 Tier Magnetic Paper Holders for Office File Cabinet,Refrigerator, Whiteboard, No Drilling Installation Magnetic Mail Holder Basket Storage Folder Holder,Black","FIROK","$32.99","143","6","$4,718","11/23/2022","$21.31","4.7","68","$11.68","38,211","6","FBA","1","Office Products","Standard","3.9 x 12.4 x 12.7 in","4.8 lb","https://www.amazon.com/dp/B0BN7JKBN2"
"","","B0CKJ7NFHN","LQPAFZ Magnetic File Holder 3 Pockets File Folder Organizer, Office Hanging Magazine Rack for Refrigerator, White Board, No Drilling Paper Document Holder Mail Organizer for File Cabinets","LQPAFZ","$35.99","292","7","$10,509","10/04/2023","$24.16","3.8","40","$11.83","34,005","7","FBA","1","Office Products","Standard","3 x 8.6 x 13.5 in","3.72 lb","https://www.amazon.com/dp/B0CKJ7NFHN"
"","","B0C4YJC7T8","Glolaurge 1-Tier Magnetic File Holder for File Cabinets, Refrigerator, Whiteboard, Magnetic Paper Holder, Magnetic Mail Holder, Black Magnetic Folder Holder, 2 Pack","Glolaurge","$29.99","113","3","$3,389","05/10/2023","$19.06","5","6","$10.93","60,606","6","FBA","1","Office Products","Standard","3.66 x 6.61 x 13.98 in","3.3 lb","https://www.amazon.com/dp/B0C4YJC7T8"
"","","B0CHW691DM","Geyoga 4 Pieces Magnetic Dry Erase Marker Holder Magnetic Marker Holder Whiteboard Marker Holder Magnetic Pen Pencil Holder Storage Organizer for Whiteboard Fridge Locker Office Metal Cabinets","Geyoga","$23.99","","","$0.00","09/11/2023","$13.66","","","$10.33","311,401","7","FBA","1","Office Products","Standard","10.16 x 4.84 x 13.27 in","2.86 lb","https://www.amazon.com/dp/B0CHW691DM"
"","","B0CGZQLST4","Glenmal 3 Pcs Acrylic Magnetic File Holder Magnetic Wall File Organizer Letter Size Paper Fridge Magnet Organizer Magazine Fridge Pockets Refrigerator Storage for Locker Office Supplies(White)","Glenmal","$19.99","60","2","$1,199","08/30/2023","$11.70","4.2","4","$8.29","104,410","7","FBA","1","Office Products","Standard","10.55 x 1.93 x 12.71 in","1.9 lb","https://www.amazon.com/dp/B0CGZQLST4"
"","","B0CGZNRX9R","2 Pcs Magnetic Book Shelf for Whiteboard,Reusable Magnetic Book Holder and Magnetic Pen HolderUse for Classroom,Office, Refrigerator (White)","CONIJIWA","$19.99","123","2","$2,459","08/30/2023","$11.85","4.3","24","$8.14","76,683","7","FBA","1","Office Products","Standard","2.4 x 2 x 16.9 in","1.87 lb","https://www.amazon.com/dp/B0CGZNRX9R"
"","","B0CCNG9C3N","Aiofaervy 8 Pack Magnetic File Holder for File Cabinets Letter,Large Size Magnetic Paper Holder Mail Magnetic Wall File Holder for Locker Whiteboard Refrigerator Classroom Office School Home Hanging","Aiofaervy","$34.89","4","","$139.56","07/23/2023","$23.21","3","2","$11.68","416,908","7","FBA","1","Office Products","Standard","9.8 x 4 x 12 in","2.6 lb","https://www.amazon.com/dp/B0CCNG9C3N"
"","","B0C4D6GRL8","MFTEK Magnetic File Holder 2 Pockets File Folder Organizer, Office Hanging Magazine Rack for File Cabinets, White Board, No Drilling Paper Document Holder Mail Organizer for Refrigerator","MFTEK","$32.99","413","18","$13,625","05/04/2023","$21.61","4.7","53","$11.38","13,789","7","FBA","2","Office Products","Standard","6 x 3 x 13 in","3.39 lb","https://www.amazon.com/dp/B0C4D6GRL8"
"","","B0CGZRVRLQ","Glenmal 3 Pcs Acrylic Magnetic File Holder Magnetic Wall File Organizer Letter Size Paper Fridge Magnet Organizer Magazine Fridge Pockets Refrigerator Storage for Locker Office Supplies(White, Clear)","Glenmal","$20.99","54","2","$1,133","08/30/2023","$12.05","4.2","4","$8.94","104,410","7","FBA","1","Office Products","Standard","13.43 x 1.57 x 14.06 in","1.9 lb","https://www.amazon.com/dp/B0CGZRVRLQ"
"","","B0BGG5S3FT","Glolaurge 1-Tier Magnetic File Holder for File Cabinets, Refrigerator, Whiteboard, Magnetic Paper Holder, Magnetic Mail Holder, Black Magnetic Folder Holder","Glolaurge","$24.99","186","3","$4,648","09/25/2022","$15.45","4.8","122","$9.54","63,671","6","FBA","1","Office Products","Standard","13.98 x 6.61 x 3.66 in","1.82 lb","https://www.amazon.com/dp/B0BGG5S3FT"
"","","B07TBN4PTS","Antner Magnetic File Holder Letter Size Magnetic Paper Pencil Holder Office Supplies Mail Planner Storage Pocket for Whiteboard, Refrigerator, Locker","Antner","$9.99","270","9","$2,697","06/20/2019","$4.72","4.5","880","$5.27","26,295","7","FBA","1","Office Products","Standard","10.24 x 1.38 x 12.36 in","6.2 oz","https://www.amazon.com/dp/B07TBN4PTS"
"","","B0B9TB84KW","DALTACK Magnetic Pencil Holder Magnetic Shelf for the Whiteboard 3-Grid Mesh Magnetic Pen Holder for Refrigerator Magnetic Organizer Locker Accessories Organizer for Home, School and Office, Black","DALTACK","$12.99","1,123","46","$14,588","08/15/2022","$7.27","4.6","491","$5.72","5,330","6","FBA","1","Office Products","Standard","4.8 x 7.5 x 2.1 in","9.6 oz","https://www.amazon.com/dp/B0B9TB84KW"
"","","B0C4LBGNSK","6-Tier Magnetic File Holder, Large Capacity File Cabinet Organizer, No-Drill Mount Hanging Magnetic Paper Holder for File Cabinets, Office, Whiteboard, Magnetic Mail Holder","Ounyoizs","$35.99","203","7","$7,306","05/07/2023","$23.26","4.3","38","$12.73","32,364","7","FBA","1","Office Products","Standard","12.6 x 15.9 x 4.2 in","4.27 lb","https://www.amazon.com/dp/B0C4LBGNSK"
"","","B00QKXHR5C","Officemate MagnetPlus Magnetic Letter Size File Pocket, Plastic, White (92543), 2.52 x 13.62 x 6.69 Inches,Offwhite","Officemate","$16.60","115","5","$1,909","12/14/2014","$9.59","4.6","1,408","$7.01","41,251","6","AMZ","17","Office Products","Standard","6.42 x 1.5 x 13.19 in","0.8 lb","https://www.amazon.com/dp/B00QKXHR5C"
"","","B0BFQZ4B1P","NiOffice 3-Pocket Magnetic File Organizer for Office and Home - Vertical Magazine and Mail Holder with No-Drill Mounting for Wall, Cabinet or Fridge (Black)","NiOffice","$29.99","143","3","$4,289","09/18/2022","$18.46","4.5","51","$11.53","59,376","7","FBA","1","Office Products","Standard","11.85 x 4.29 x 14.33 in","3.67 lb","https://www.amazon.com/dp/B0BFQZ4B1P"
"","","B0BY7RJB95","Buyyyit Magnetic Basket Organizer Shelf Rack for Refrigerator Peg Board Office File Foil Plastic Food Wrap Spice Pegboard Holder with Hooks (Black)","Buyyyit","$18.99","625","30","$11,869","03/12/2023","$11.00","4.8","145","$7.99","31,038","7","FBA","1","Home & Kitchen","Standard","10.25 x 6 x 3.2 in","1.1 lb","https://www.amazon.com/dp/B0BY7RJB95"
"","","B0BNN8R8FC","Magnetic File Holder for File Cabinets,1-Tier No Drilling Durable Magnetic Paper Holder, Black Mesh Wall File Holder for Refrigerator, Whiteboard, Mail Organizer, Writing Label Included (2 packs)","eipizx","$29.99","116","4","$3,479","11/29/2022","$19.06","4.8","58","$10.93","48,451","7","FBA","2","Office Products","Standard","1.2 x 12.25 x 3.5 in","3.65 lb","https://www.amazon.com/dp/B0BNN8R8FC"
"","","B0CGT548VC","LQPAFZ 5 Tier Magnetic File Holder - for File Cabinets, Refrigerator, Whiteboard, Office, No Drilling Installation Large Capacity Black Magnetic File Holder","LQPAFZ","$29.99","271","8","$8,127","08/28/2023","$17.26","4.4","22","$12.73","29,109","7","FBA","1","Office Products","Standard","7 x 15 x 12 in","4.6 lb","https://www.amazon.com/dp/B0CGT548VC"
"","","B0C3QWH3Z9","Fuutreo 12 Pcs Magnetic File Holder Large Size Refrigerator Magnetic Holder Wall Mail Organizer Magnetic Pocket for Office Classroom Fridge Pen Board Markers Storage Paper Notebooks Letter, 6 Colors","Fuutreo","$49.99","30","1","$1,500","04/26/2023","$34.56","5","4","$15.43","126,785","7","FBA","1","Office Products","Standard","10.5 x 7 x 15.5 in","6.59 lb","https://www.amazon.com/dp/B0C3QWH3Z9"
"","","B0CM6J1TMY","JANE EYRE Magnetic File Holder - 3PCS File Paper Mail Organizer No Drilling Magazine Paper Document Holder/Magnetic Hanging File Organizer for File Cabinets, Office, Whiteboard","JANE EYRE","$29.80","122","3","$3,636","10/30/2023","","4.3","9","","62,408","7","FBA","1","Office Products","","","","https://www.amazon.com/dp/B0CM6J1TMY"
"","","B0BRXLZK1R","6 Pack Magnetic File Holder Magnetic Paper Holder Fridge Magnet Organizer Letter Size Fridge Pockets Storage Mail Planner Wall File Organizer for Refrigerator Locker Whiteboard (Large, Medium,Small)","Qunclay","$25.99","100","2","$2,599","01/05/2023","$16.30","4.1","17","$9.69","103,868","7","FBA","1","Office Products","Standard","9.4 x 1.06 x 11.8 in","2.23 lb","https://www.amazon.com/dp/B0BRXLZK1R"
"","","B0BNBPCJ69","HIIMIEI Magnetic File Holder, 2 Pack Mail Magazines Organizer Wall Mount, Acrylic Hanging Wall File Organizer for Cabinets, Whiteboard, Refrigerator (Clear)","HIIMIEI","$24.99","200","6","$4,998","11/24/2022","$16.10","4.4","89","$8.89","37,539","7","FBA","2","Office Products","Standard","9.61 x 2.05 x 10.63 in","1.94 lb","https://www.amazon.com/dp/B0BNBPCJ69"
"","","B09ZYNGFGG","Rejuvet Super Strong 3Tier Magnetic file holder for file cabinets13.9inch(35.5cm) black magnetic paper holder that holds up to 14.3Lbs (6.5kgs). A magnetic mail holder and a magnetic file holder","REJUVET","$29.99","107","3","$3,209","08/01/2022","$18.76","4.5","74","$11.23","72,585","6","FBA","2","Office Products","Standard","3.74 x 11.61 x 13.98 in","3.21 lb","https://www.amazon.com/dp/B09ZYNGFGG"
"","","B09WR4KQRT","MoKo Magnetic File Holder, A4 Large Size Refrigerator Storage Organizer Magnet Pencil Cups Marker Paper Letter Pen Holder Stationery Supplies for Classroom Office Home, 2 Pack, White","MoKo","$13.99","60","2","$839.40","03/28/2022","$7.52","4.2","142","$6.47","90,364","6","FBA","1","Office Products","Standard","9.45 x 1.18 x 11.81 in","12.1 oz","https://www.amazon.com/dp/B09WR4KQRT"
"","","B0BNN69JLP","Magnetic File Holder for File Cabinets,1-Tier No Drilling Durable Magnetic Paper Holder, White Mesh Magnetic File Organizer for Refrigerator, Magazine Organizer, Writing Label Included (2 packs)","eipizx","$29.99","47","1","$1,410","11/29/2022","$18.46","4.9","48","$11.53","133,335","7","FBA","1","Office Products","Standard","10.12 x 4.76 x 15.67 in","3.61 lb","https://www.amazon.com/dp/B0BNN69JLP"
"","","B0C3XMV84X","BSJYMJIAJU Magnetic File Holder, 3 Pockets, Black, Metal","BSJYMJIAJU","$29.99","96","4","$2,879","04/28/2023","$17.86","4.3","8","$12.13","52,454","6","FBA","1","Office Products","Standard","11.5 x 3.35 x 13.78 in","7.56 lb","https://www.amazon.com/dp/B0C3XMV84X"
"","","B0BNN7RT3H","Magnetic File Holder for File Cabinets 4-Tier Strongest Magnetic File Folder Holds 26Lbs (12kg) Magnetic File Organizer 13.7' Wider Mesh Magnetic File Mail Organizer For Refrigerator Whiteboard(White)","eipizx","$29.99","84","1","$2,519","11/29/2022","$13.51","4.7","70","$16.48","122,900","6","FBA","1","Office Products","Oversize","15.56 x 4.94 x 16.19 in","4.94 lb","https://www.amazon.com/dp/B0BNN7RT3H"
"","","B08BRC68PJ","Okuna Outpost 2 Pack Mint Magnetic File Holder, Wall File Folder Organizer for Refrigerator, Cabinets, Magazines, Mail, Paper, Letters, Office Supplies (10 x 13 In)","Okuna Outpost","$15.89","106","2","$1,684","06/23/2020","$8.37","4.4","269","$7.52","90,448","6","FBA","1","Office Products","Standard","9.92 x 1.3 x 12.44 in","1.04 lb","https://www.amazon.com/dp/B08BRC68PJ"
"","","B0BKSPN71B","Ocooca Super Strong 6-Tier Magnetic File Holder ,Mesh Wall File Organizer No-Drill Mount Hanging File Organizer for Refrigerator, File Cabinets, Whiteboard, Office, Kitchen","Ocooca","$30.99","87","6","$2,696","10/27/2022","$19.91","4.6","42","$11.08","36,822","7","FBA","1","Office Products","Standard","5.91 x 1.18 x 7.87 in","3.36 lb","https://www.amazon.com/dp/B0BKSPN71B"
"","","B07VFMJ1D4","3 Pack Magnetic File Holder, Large Size Refrigerator Magnetic Holder for Pen, Paper, Markers, Notebooks, Letter, Good for Class Whiteboard, Office, Refrigerator, Locker L, M and S (White)","Outus","$16.99","55","6","$934.45","07/16/2019","$10.67","4.3","849","$6.32","39,995","6","FBA","1","Office Products","Standard","9.45 x 1.06 x 11.81 in","11.7 oz","https://www.amazon.com/dp/B07VFMJ1D4"
"","","B0BHL1MD7J","CHUNNIAO Magnetic Pencil Holders,Whiteboard Accessory Strong Magnets,Storage Pen Pocket for Your Fridge, School Locker, Office cabinets","CHUNNIAO","$9.99","75","1","$749.25","10/06/2022","$5.57","4.3","44","$4.42","143,952","6","FBA","1","Office Products","Standard","5.51 x 0.75 x 7.09 in","5 oz","https://www.amazon.com/dp/B0BHL1MD7J"
"","","B0CF62G1SV","6-Tier Magnetic File Holder, No Drilling Installation File Cabinet Organizer,Black Magnetic File Holders, Magnetic Paper Holder for Refrigerator,File Cabinets, Whiteboard","LQPAFZ","$29.99","85","1","$2,549","08/08/2023","$17.86","3.5","9","$12.13","156,716","7","FBA","1","Office Products","Standard","13.03 x 4.57 x 16.42 in","4.2 lb","https://www.amazon.com/dp/B0CF62G1SV"
"","","B0CJ7W1M6B","2 Pockets Magnetic File Holder for File Cabinets, Refrigerator, Whiteboard, Magnetic Paper Organizer, Magnetic Mail or Folder Holder,Magnetic Magazine Rack,Wall Mount Hanging Mail Organizer (WHITE)","JINGWAYS","$22.99","45","1","$1,035","09/16/2023","$12.81","5","1","$10.18","132,573","8","FBA","1","Office Products","Standard","2.8 x 8.5 x 13.2 in","4.55 lb","https://www.amazon.com/dp/B0CJ7W1M6B"
"","","B0CKSN7Q55","KoreTech 6 Pack Magnetic File Holder Strong Hold, Magnetic Paper Holder for Refrigerator, Magnetic Folder Holder for Mail Letters NotBook (White (6pcs))","koretech","$29.99","90","3","$2,699","12/23/2023","","5","4","","61,872","","FBA","1","Office Products","","","","https://www.amazon.com/dp/B0CKSN7Q55"
"","","B0CMKWMYHG","SHERY Magnetic File Holder for Refrigerator Office File Paper Organizer Magnetic Wall Hanging File Organizer Letter Storage 2 Pcs White Paper Pocket Storage","SHERY","$15.99","","","$0.00","12/29/2023","","","","","319,784","","FBA","1","Office Products","","","","https://www.amazon.com/dp/B0CMKWMYHG"
"","","B00F63QR6W","Brenton Studio Magnetic Wall Pocket, Letter Size, Black, 59767","Office Depot","$29.99","76","2","$2,279","09/05/2014","$21.74","3.9","27","$8.25","94,461","4","FBM","5","Office Products","Standard","7.45 x 4.45 x 13.55 in","1.1 lb","https://www.amazon.com/dp/B00F63QR6W"
"","","B0BY26F62K","Colarr 6 Pieces Magnetic File Holder Magnetic Paper Holder Letter Size Magnetic Organizer Wall File Mail Holder Refrigerator Storage Pocket for Office Whiteboard Hanging White, S/ L","Colarr","$12.99","60","2","$779.40","03/09/2023","","5","2","","85,912","7","FBA","1","Office Products","","","","https://www.amazon.com/dp/B0BY26F62K"
"","","B0006HX17Q","Rubbermaid 65986 Unbreakable Magnetic Wall File, Letter/A4 Size, Clear","Rubbermaid","$18.73","182","5","$3,409","08/14/2008","$10.78","3.8","551","$7.95","43,023","4","AMZ","33","Office Products","Standard","13.75 x 6.63 x 3 in","1.14 lb","https://www.amazon.com/dp/B0006HX17Q"
"","","B0BX378XWR","Sinboun 2 Pack Magnetic Pencil Holder and 3-Grid Magnetic Storage Basket Organizer, Metal Magnetic Pencil Holder Storage Basket for Whiteboard Refrigerator for Home School and Office","Sinboun","$12.99","189","4","$2,455","02/27/2023","","4.3","36","","48,178","","FBA","1","Office Products","","","","https://www.amazon.com/dp/B0BX378XWR"
"","","B0BPL41GX9","3 Tier Magnetic File Holder for File Cabinets,Vertical Mesh Metal Wall File Holder Wall Organizer With Tray,Holds Up to 14.3lb,Super Strong Magnetic Paper Document Wall Bins Holder for Office Home","G  PEH","$27.99","26","","$727.74","12/08/2022","$16.76","4.3","8","$11.23","236,141","7","FBA","1","Office Products","Standard","11.38 x 4.61 x 13.7 in","2.29 lb","https://www.amazon.com/dp/B0BPL41GX9"
"","","B0BGY1HG5D","2 Pcs Magnetic File Holder 4 Compartments Magnetic Paper Holder 3 Tier Black Locker Magnetic Organizer Magnetic File Storage Magnetic Letter File Pocket for Documents Mails Fridge Whiteboard Office","Henoyso","$17.49","40","2","$699.60","09/29/2022","$11.10","4.1","11","$6.39","89,957","7","FBA","1","Office Products","Standard","10 x 1 x 11 in","10.5 oz","https://www.amazon.com/dp/B0BGY1HG5D"