"Export time:  1/31/2024, 10:43:53 AM","","ASIN","Product Name","Brand","Price","Monthly Units Sold","Daily Units Sold","Monthly Revenue","Date First Available","Net Revenue","Star Rating","Reviews","Amazon Fees","BSR","LQS","Seller Type","Sellers","Category","Product Tier","Dimensions","Weight","Link"
"","","B071225BBS","Amazon Basics Collapsible Fabric Storage Cubes Organizer with Handles, 10.5'x10.5'x11', Pack of 6, Gray","Amazon Basics","$18.90","","","","11/13/2017","$9.04","4.7","99,890","$9.86","192","6","AMZ","6","Our Brands","Standard","11.024 x 11.772 x 4.449 in","5.468 lb","https://www.amazon.com/dp/B071225BBS"
"collapsible storage bins","","B0CBM5QY1T","OlarHike 48QT Storage Bins with Lids - Folding Storage box with Doors and Wheels, Collapsible Plastic Storage Bins for Closets, Stackable Storage Organizer, Storage Containers for Closet, 3 Pack Cubes","OlarHike","$99.99","1,290","43","$128,987","","","4.4","153","","21,369","","FBA","","Home & Kitchen","","","","https://www.amazon.com/dp/B0CBM5QY1T"
"Average Monthly Sales: 3,734","","B085ZV98JM","90L Large Storage Bags, 6 Pack Clothes Storage Bins Foldable Closet Organizers Storage Containers with Durable Handle for Clothing, Blanket, Comforters, Bed Sheets, Pillows and Toys (Gray)","Budding Joy","$24.99","53,912","1,332","$1.35M","03/16/2020","$13.31","4.3","44,641","$11.68","92","6","FBA","4","Home & Kitchen","Standard","11.54 x 14.45 x 6.77 in","2.69 lb","https://www.amazon.com/dp/B085ZV98JM"
"Average Revenue: $177,756","","B078WP8YQH","CleverMade Collapsible Storage Bin (With Lid), Charcoal, 3PK - 46L (12 Gal) Folding Plastic Stackable Utility Crates, Holds 75lbs Per Bin - Solid Wall CleverCrates for Organizing, Storage, Moving","CleverMade","$69.99","726","31","$50,813","01/09/2018","$44.09","4.5","3,450","$25.90","29,899","7","AMZ","10","Home & Kitchen","Oversize","14.5 x 8 x 20.7 in","12.5 lb","https://www.amazon.com/dp/B078WP8YQH"
"Average Price: $68.16","","B0CHRNM2YF","4 Tier Plastic Storage Bins and Boxes Organizer - Stackable with Lids for Bedroom, Living Room, Kitchen, Office - Foldable Containers","CTSNSLH","$38.99","12,180","323","$474,898","09/10/2023","$14.57","4.5","1,874","$24.42","1,452","7","FBA","2","Home & Kitchen","Oversize","10.95 x 7.4 x 17.06 in","3.57 kg","https://www.amazon.com/dp/B0CHRNM2YF"
"Average No. of Ratings: 3,794","","B0BXC1LBNK","Homeforce Collapsible Plastic Storage Containers 3PACK 69 Gal - Stackable Storage Bins with Lids and Wheels, Closet Organizers and Storage, Foldable Storage Box for Dorm Bedroom Organizing,Blue","Homeforce","$95.99","433","15","$41,564","03/05/2023","$58.97","4.5","110","$37.02","61,018","7","FBA","2","Home & Kitchen","Oversize","16.5 x 13 x 23.6 in","21.1 lb","https://www.amazon.com/dp/B0BXC1LBNK"
"Average Sales Rank: 74,690","","B015PIRBDU","CleverMade Collapsible Storage Bin, Royal Blue, 3PK - 32L (8 Gal) Stackable Storage Containers, Holds 66lbs Per Bin - Plastic Storage Bins for Organizing, Closet Storage, Garage Storage","CleverMade","$39.18","860","28","$33,695","09/08/2015","$12.14","4.7","4,338","$27.04","33,043","7","AMZ","1","Home & Kitchen","Oversize","15 x 9 x 21.5 in","3.5 lb","https://www.amazon.com/dp/B015PIRBDU"
"Average Rating Number: 4.5","","B0CGZSL791","Kmiectse 102 QT Large Storage Bins with Lid, Plastic Storage Organizer for Living Room Bedroom, Foldable Stackable Toy Storage, Storage Containers for House Organizing, 4 Tier","Kmiectse","$149.99","750","25","$112,493","08/30/2023","","4","10","","37,757","7","FBA","1","Home & Kitchen","","","","https://www.amazon.com/dp/B0CGZSL791"
"","","B0B4G4X43M","HAIXIN Storage Bins with Lids, Collapsible Storage Bins, Wardrobe Closet Organizer, 19 Gal Stackable Toy Storage, Foldable Plastic Storage Container with Door, Crate for Book Storage (3 Pack)","HAIXIN","$199.99","8,656","319","$1.73M","07/28/2022","$106.22","4.5","3,507","$93.77","1,482","6","FBA","2","Home & Kitchen","Oversize","15 x 43 x 25 in","14 lb","https://www.amazon.com/dp/B0B4G4X43M"
"","","B07FB3NJRP","Posprica 3X Thicker Fabric Storage Cubes 13 inch Collapsible Storage Bins for Organization, Cubby Storage Baskets for Organizing Shelf Cabinet Bookcase Boxes, Set of 4, Sliver Grey","Posprica","$34.99","2,832","90","$99,092","11/29/2016","$21.51","4.8","11,022","$13.48","8,963","6","FBA","3","Home & Kitchen","Standard","13.4 x 13.4 x 4.5 in","9.101 lb","https://www.amazon.com/dp/B07FB3NJRP"
"","","B0CHVP1XF6","Posprica Storage Cubes 13x13, Collapsible Storage Bins Organizer for Closet, Fabric Storage Box with Cotton Rope Handles, Decorative Storage Baskets for Shelves, Nursery, Toy, set of 4 - White/Gray","Posprica","$36.99","451","18","$16,682","10/26/2016","$16.80","4.8","1,025","$20.19","51,981","6","FBA","1","Home & Kitchen","Oversize","13 x 13 x 13 in","3.34 lb","https://www.amazon.com/dp/B0CHVP1XF6"
"","","B07QXH9XRK","IKEBANA Embossed Claret Red Foldable Cube Storage Bins 11 inch,Fabric Storage BIns Drawers Clothes Organizer Collapsible Cube Storage Bin,Metal Handles 6 Pack","IKEBANA","$30.99","150","5","$4,649","06/05/2019","$19.16","4.8","880","$11.83","161,761","6","FBA","1","Home & Kitchen","Standard","11.1 x 11.9 x 5.5 in","6.7 lb","https://www.amazon.com/dp/B07QXH9XRK"
"","","B09DQ6X1S7","Lifewit Collapsible Storage Cubes 11 Inch Foldable Fabric Bins Multi-color Organizers Decorative Organizing Baskets for Shelves for Closet, Utility Room, Storage Room Set of 6 Grey","Lifewit","$19.99","2,854","62","$57,051","08/25/2021","$10.56","4.7","6,141","$9.43","14,168","6","FBA","3","Home & Kitchen","Standard","11.46 x 12.09 x 3.86 in","3.88 lb","https://www.amazon.com/dp/B09DQ6X1S7"
"","","B0CGZ9ZK4Z","4 Tier Collapsible Storage Bins with Wheels and Lids - 23QT Stackable Closet Organizers, Foldable Plastic Containers for Home, Office, Dorm Room","Wise Oannes","$49.99","5,924","270","$296,141","08/30/2023","$33.96","4.3","145","$16.03","1,939","7","FBA","3","Home & Kitchen","Standard","11.34 x 7.8 x 17.24 in","7.8 lb","https://www.amazon.com/dp/B0CGZ9ZK4Z"
"","","B0CGV5RB15","Kmiectse 102 QT Large Storage Bins with Lid, Plastic Storage Organizer for Living Room Bedroom, Foldable Stackable Toy Storage, Storage Containers for House Organizing, 3 Tier","Kmiectse","$119.99","988","25","$118,550","08/28/2023","$39.10","4.4","102","$80.89","38,184","7","FBA","2","Home & Kitchen","Oversize","24.5 x 42.5 x 15.3 in","19 lb","https://www.amazon.com/dp/B0CGV5RB15"
"","","B0BQ3H7PT8","Clear Storage Bin with Lid 3 Pack 【Stackable & Sturdy】Plastic Bins for Storage, Multifunctional Folding Storage Bins for Bedroom, Living Room, Study, Toy Room, 24 QT Folding Box with Magnetic door","Kmiectse","$40.99","3,980","94","$163,140","12/28/2022","$17.54","4.7","869","$23.45","8,532","7","FBA","3","Home & Kitchen","Oversize","11.02 x 8.66 x 14.96 in","4.72 kg","https://www.amazon.com/dp/B0BQ3H7PT8"
"","","B09KHCRX57","Amazon Basics Collapsible Fabric Storage Cube Organizer Bins - Pack of 6, Pink, 13x15x13'","Amazon Basics","$31.34","","","","06/27/2022","$18.41","4.7","1,972","$12.93","2,343","6","AMZ","6","Our Brands","Standard","13.303 x 13.74 x 6.811 in","9.833 lb","https://www.amazon.com/dp/B09KHCRX57"
"","","B0B67PCFLQ","23Qt Plastic Storage Bins Organizer 3 Tier, Stackable Storage Boxes with Lids, Storage Containers for Bedroom Living Room Kitchen Study Office, Folding Storage Boxes","CTSNSLH","$32.99","9,432","318","$311,162","08/24/2022","","4.5","1,880","","1,491","7","FBA","11","Home & Kitchen","","","","https://www.amazon.com/dp/B0B67PCFLQ"
"","","B0CCNFN2LG","Homeforce Collapsible Storage Bins with Lids 3 Pack 17 Gal Each, Stackable and Foldable Storage Boxes with Doors & Wheels, Large Closet Organizers and Storage Cabinet for Dorm Room Space Saving","Homeforce","$79.99","","","$0.00","07/16/2023","","4.4","21","","685,165","7","FBA","1","Home & Kitchen","","","","https://www.amazon.com/dp/B0CCNFN2LG"
"","","B0CN9GPDG9","meekoo 8 Pack Collapsible Storage Bins Fabric Storage Bins Polyester Fabric Storage Baskets with Handles Linen Closet Organizer for Shelf Home Closet Towels Toys (Beige,17 x 12 x 15 In)","meekoo","$49.99","","","","12/28/2023","","4.3","30","","","","FBA","1","","","","","https://www.amazon.com/dp/B0CN9GPDG9"
"","","B09WQTR4ZK","Citylife 64L Collapsible Storage Bins with Lids Plastic Storage Containers for Organizing Stackable Storage Box Large Heavy Duty Utility Crates, 2 Packs","ITYLIFE CITYLIFE","$49.97","690","24","$34,479","06/09/2022","$29.35","4.5","257","$20.62","38,842","6","FBA","2","Home & Kitchen","Oversize","16.06 x 23.52 x 4.41 in","11.001 lb","https://www.amazon.com/dp/B09WQTR4ZK"
"","","B0BN2ZCQ9C","Sineda 4 Pack Storage Bins with Lids - 19 Gallon Collapsible Storage Bins with Wheels and Door, Stackable Storage Bins for Clothing, Blankets, Books, Bedding and Toys.(19 Gal-4Pack, Green)","Sineda","$229.95","2,795","57","$642,710","01/28/2023","","4.6","759","","15,499","7","FBA","3","Home & Kitchen","","","","https://www.amazon.com/dp/B0BN2ZCQ9C"
"","","B0BZCYGGP2","Storage Bins with Lids,78 Quart Plastic Bins with Lids,Large Closet Organizers, 3 Packs Collapsible Storage Bins with Wheels,Double Door Stackable Bins for Clothes,Home","KHNR","$86.18","3,783","121","$326,019","05/05/2023","","4.4","355","","6,203","7","FBA","6","Home & Kitchen","","","","https://www.amazon.com/dp/B0BZCYGGP2"
"","","B0BWF2L3G3","Bagnizer Large 17' 42 Quarts Collapsible Stackable Storage Bins with Lids [3-Pack] Foldable Fabric Linen Storage Boxes Cube, Closet Organizer Baskets with Label for Home (16.7 x 12 x 12, Gray)","Bagnizer","$39.99","3,725","115","$148,963","02/24/2023","","4.6","967","","6,575","7","FBA","1","Home & Kitchen","","","","https://www.amazon.com/dp/B0BWF2L3G3"
"","","B0BPLPD47C","3 Pack Clothes Storage Box - Oxford Foldable Stackable Container Organizer Set for Clothing Fabric Frame Storage Bin Bags with Clear Window and Double Handles (11L, Blue)","FPTUU","$19.99","321","13","$6,417","12/08/2022","","4.6","346","","69,683","6","FBA","1","Home & Kitchen","","","","https://www.amazon.com/dp/B0BPLPD47C"
"","","B092ZDHJMN","Fab totes 6 Pack Clothes Storage, Foldable Blanket Storage Bags, Storage Containers for Organizing Bedroom, Closet, Clothing, Comforter, Organization and Storage with Lids and Handle, Grey","Fab totes","$29.99","53,496","1,433","$1.60M","08/20/2021","","4.3","21,943","","78","6","FBA","8","Home & Kitchen","","","","https://www.amazon.com/dp/B092ZDHJMN"
"","","B0CBML467H","Shelime 4 Pack Foldable Storage Bins with Lids, 23 Gallon Collapsible Storage Bins with Doors and wheels, Stackable Storage Boxes Open Front, Plastic Closet Organziers for Home Bedroom.","Shelime","$119.99","480","16","$57,595","09/07/2023","","4.5","65","","57,814","6","FBA","1","Home & Kitchen","","","","https://www.amazon.com/dp/B0CBML467H"
"","","B0CL9NDKLQ","AHEONLAR 4 Tier Plastic Storage Bins with Drawers - Foldable Stackable Storage Bins with Lids - Closet Craft Organizers and Storage - 24QT Plastic Drawer Storage for Bedroom Study Toy Room Office","AHEONLAR","$33.99","3,667","121","$124,641","10/17/2023","$16.15","3.9","105","$17.84","6,156","7","FBA","1","Home & Kitchen","Oversize","11.2 x 8.7 x 15.6 in","7.61 lb","https://www.amazon.com/dp/B0CL9NDKLQ"
"","","B086GQDGVZ","Kekow 28 L Black Plastic Collapsible Storage Basket, 3-Pack Folding Crates Storage","Kekow","$36.99","129","5","$4,772","05/15/2018","$15.28","4.3","288","$21.71","183,136","5","FBA","1","Home & Kitchen","Oversize","13.5 x 10 x 19.75 in","6.6 lb","https://www.amazon.com/dp/B086GQDGVZ"
"","","B0C4QBHN84","Wondersome Collapsible Storage Bins - 3-Pack of Extra-Large 19-Gallon/76-Quart Stackable Wheeled Clothing, Shoe, Bedroom, Office Organizer - Foldable Containers - Assembles in Second - US-Based Brand","Wondersome","$119.99","343","12","$41,157","05/08/2023","$83.93","4.7","78","$36.06","77,689","7","AMZ","4","Home & Kitchen","Oversize","5 x 5 x 5 in","11.23 kg","https://www.amazon.com/dp/B0C4QBHN84"
"","","B0788C3C7Q","CleverMade Collapsible Storage Bin (With Lid), Neptune Blue, 3PK - 62L Folding Plastic Stackable Utility Crates, Holds 100lbs Per Bin - Solid Wall CleverCrates for Organizing, Storage, Moving","CleverMade","$71.49","744","31","$53,189","12/13/2017","$44.61","4.5","3,450","$26.88","29,899","7","AMZ","6","Home & Kitchen","Oversize","16.1 x 7.1 x 24 in","16.35 lb","https://www.amazon.com/dp/B0788C3C7Q"
"","","B0C61HNGN5","SAILUN 5 Pack 32 Gal Stackable Storage Bins Folding Storage Bins with Lid, Closet Organizers and Storage, Folding Storage Box with Doors Collapsible Storage Cabinet Bins with 8 Wheels","SAILUN","$219.99","1,144","42","$251,669","05/24/2023","","4.4","344","","21,711","7","FBA","1","Home & Kitchen","","","","https://www.amazon.com/dp/B0C61HNGN5"
"","","B0CBMMY5H8","Shelime Foldable Storage Bins with Lids, 23 Gallon Collapsible Storage Bins with Doors and wheels, 4 pack Stackable Storage Boxes Open Front, Plastic Closet Organziers for Home Bedroom.","Shelime","$119.99","2,213","16","$265,538","09/07/2023","","4.5","65","","57,814","7","FBA","1","Home & Kitchen","","","","https://www.amazon.com/dp/B0CBMMY5H8"
"","","B0BZMFVLGK","Pack of 3 Large Capacity Storage Bins Closet Organizer System, Sturdy Foldable Storage Boxes for Organizing Clothing, Sheets, Toys, Books - Shelf Organizer Shelves Basket Storage Bin","Fordonral","$21.98","2,558","52","$56,225","04/29/2023","$5.56","4.5","159","$16.42","17,150","7","FBA","4","Home & Kitchen","Oversize","11 x 7.9 x 18.9 in","1 lb","https://www.amazon.com/dp/B0BZMFVLGK"
"","","B0CCCXCGRZ","Spaclear Stackable Storage Bins with Lids, 3 Pack Plastic Drawer Storage Containers for Organizing, Collapsible Clothes Craft Organizers and Storage, 5.8 Gal Foldable Storage Box for Bedroom Kitchen","Spaclear","$33.99","1,200","39","$40,788","07/19/2023","","4.4","119","","23,840","6","FBA","4","Home & Kitchen","","","","https://www.amazon.com/dp/B0CCCXCGRZ"
"","","B0CB643MKB","HoneySky Plastic Storage Bins Organizer, 15.35'11.0032.87, White Plus Light Brown","HoneySky","$55.99","8,362","320","$468,188","07/04/2023","$23.83","4.3","260","$32.16","1,476","7","FBA","10","Home & Kitchen","Oversize","11 x 32.87 x 15.35 in","7.96 lb","https://www.amazon.com/dp/B0CB643MKB"
"","","B0CGHW6MZV","Storage Cubes, 11 Inch Cube Storage Bins (Set of 10), Fabric Collapsible Storage Bins with Dual Handles, Foldable Cube Baskets for Shelf, Closet Organizers and Storage Box (Grey)","Criusia","$32.99","1,982","67","$65,386","09/30/2023","$15.68","4.7","190","$17.31","12,968","7","FBA","1","Home & Kitchen","Oversize","10.75 x 11 x 10.75 in","8.32 lb","https://www.amazon.com/dp/B0CGHW6MZV"
"","","B0C7C45XNT","MOPUP 4 Pack Stackable Storage Bins with Lids and Doors and Wheels -66QT Plastic Storage Bins,White Closet Organizers and Storage,Dual Open Doors Collapsible Storage Bins for Home and Office","MOPUP","$129.99","489","18","$63,565","06/06/2023","","4","89","","51,267","7","FBA","3","Home & Kitchen","","","","https://www.amazon.com/dp/B0C7C45XNT"
"","","B0BTTRX3MD","CleverMade Collapsible Storage Bin, Charcoal, 3PK - 32L (8 Gal) Stackable Storage Containers, Holds 66lbs Per Bin - Plastic Storage Bins for Organizing, Closet Storage, Garage Storage","CleverMade","$59.99","767","28","$46,012","02/02/2023","$32.17","4.7","4,338","$27.82","33,043","7","AMZ","8","Home & Kitchen","Oversize","14.19 x 18.6 x 13.75 in","2.55 lb","https://www.amazon.com/dp/B0BTTRX3MD"
"","","B0CD7DKYNB","HoneySky 6 Pack - 8.5 Gallon Storage Bins with Lids and Wheels, Collapsible & Stackable Closet Organizers, Foldable Storage Containers Plastic Shelves for Clothes Shoe Book, White","HoneySky","$159.99","620","32","$99,194","09/20/2023","","4.8","9","","28,837","7","FBA","1","Home & Kitchen","","","","https://www.amazon.com/dp/B0CD7DKYNB"
"","","B0BW3PTBNX","JONYJ Storage Bins with Lids 23Qt, 3 Packs Stackable Storage Bins with Wheels, Magnetic Door, Leather Handle, Plastic Storage Containers for Bedroom, Living Room","JONYJ","$29.99","1,123","28","$33,679","02/16/2023","","4.6","903","","33,355","7","FBA","1","Home & Kitchen","","","","https://www.amazon.com/dp/B0BW3PTBNX"
"","","B087262BXG","Homde Pack of 2 Storage Bins with Lids Collapsible Plastic Crates Storage Container Gray Box with Handle for Shoes, Clothes, Toy, Books and Grocery (Large)","Homde","$29.99","231","5","$6,928","09/01/2020","$18.16","4.3","286","$11.83","177,489","6","FBA","7","Home & Kitchen","Standard","11.6 x 17.4 x 4.5 in","5.15 lb","https://www.amazon.com/dp/B087262BXG"
"","","B08T82F1YM","Yunkeeeper storage bins Cubes, Fabric Cube Organizer with Handle, Foldable Cube Bins for Cloth or Accessary Storage, 11x11x11, Set of 3,(Gray)","Yunkeeper","$18.88","2,714","58","$51,240","01/16/2021","$10.95","4.3","1,232","$7.93","15,332","7","FBA","1","Home & Kitchen","Standard","13.15 x 14.961 x 2.756 in","3 lb","https://www.amazon.com/dp/B08T82F1YM"
"","","B0CC5YKT2T","23Qt Stackable Plastic Storage Bins with Lids - 3 Tier Closet Organizers and Folding Containers for Bedroom, Kitchen, Toy Room","YFXCVSL","$30.99","2,193","87","$67,961","07/17/2023","","4.6","168","","9,400","7","FBA","6","Home & Kitchen","","","","https://www.amazon.com/dp/B0CC5YKT2T"
"","","B0BNMMPZDL","UNDERCURRENT SURGING Collapsible Storage Bins,Closet Organizers and Storage,Storage Bins with Lids,8.2Gal Folding Storage Box,Toy Storage (8.2 Gal, White 2 Pack)","UNDERCURRENT SURGING","$49.94","256","9","$12,785","01/13/2023","","4.5","318","","104,481","7","FBA","1","Home & Kitchen","","","","https://www.amazon.com/dp/B0BNMMPZDL"
"","","B0CN38L4BS","Greenual Cube Storage Bins, Collapsible Fabric Cube Storage Bin, 11 Inch Cube Storage Bins with Handles, Foldable Storage Cubes for Shelves for Closet, Utility Room(White/Gray, 6Pack)","Greenual","$27.97","417","17","$11,663","01/16/2024","","5","5","","55,257","7","FBA","1","Home & Kitchen","","","","https://www.amazon.com/dp/B0CN38L4BS"
"","","B0CLLMFBPD","Lufebut Collapsible Storage Bins,Stackable Storage Organizer with wheels,Foldable Stackable Storage Box,Storage Containers with Lids,1 pack Storage Bins with Lids","Lufebut","$29.99","45","","$1,350","10/22/2023","","4.8","48","","767,183","7","FBA","1","Home & Kitchen","","","","https://www.amazon.com/dp/B0CLLMFBPD"
"","","B0CB92KSJG","Anysig Closet Organizers and Storage - Stackable Collapsible Storage Bins 7.2 Gal, Storage Bins with Lids and Wheels: Foldable Box Storage Containers for Home, Dorm Room Essentials (2 Pack)","Anysig","$49.99","431","8","$21,546","08/25/2023","","4.7","132","","111,382","7","FBA","3","Home & Kitchen","","","","https://www.amazon.com/dp/B0CB92KSJG"
"","","B0CM5FL5DS","4 Pack Large Storage Baskets for Shelves | Fabric Closet Organizers and Storage Bins with Handles for Home Organization | Decorative Collapsible Baskets for Organizing Clothes Toy Nursery(14'x10'x9.5'","Criusia","$24.99","1,092","27","$27,289","12/15/2023","","4.9","30","","34,017","7","FBA","1","Home & Kitchen","","","","https://www.amazon.com/dp/B0CM5FL5DS"
"","","B0CHMDWMPD","2 PCS Collapsible Storage Bins Box with Lids and Handle, 30L 8Gal Portable Storage Crate Containers Totes, Instacrate Stackable Foldable Camping Basket Supplies for Fishing Car RV, Office (Black)","CSBXC","$34.86","87","2","$3,033","09/07/2023","$22.00","4","6","$12.86","112,265","","FBA","1","Sports & Outdoors","Standard","12.05 x 4.8 x 17.44 in","6.87 lb","https://www.amazon.com/dp/B0CHMDWMPD"
"","","B07J4DQ2TW","PRANDOM Large Collapsible Storage Bins with Lids [3-Pack] Linen Fabric Foldable Storage Boxes Organizer Containers Organization Baskets Cube Decorative for Bedroom Closet Clothes (17.7x11.8x11.8)","PRANDOM","$37.99","3,673","114","$139,537","10/07/2018","$25.26","4.7","7,555","$12.73","6,652","6","FBA","3","Home & Kitchen","Standard","12.402 x 17.953 x 3.347 in","4.453 lb","https://www.amazon.com/dp/B07J4DQ2TW"
"","","B0CH3QQW9W","Glad Collapsible Storage Bin with Lid - 48L Foldable Plastic Box for Garage, Car Trunk, and Organization - Stackable Lidded Container with Handles, Green","Glad","$25.00","98","3","$2,450","09/30/2023","","5","1","","247,762","7","AMZ","1","Home & Kitchen","","","","https://www.amazon.com/dp/B0CH3QQW9W"
"","","B0CG6K2FC7","Nafenai 4 Pack Clear Stackable Storage Bins 8.5 Gal,Collapsible Storage Bins with Lids and Wheels,Plastic Foldable Storage Boxes with Doors for Home Closet Organizers and Storage","Nafenai","$79.99","61","1","$4,879","10/11/2023","","4.2","8","","484,240","7","FBA","1","Home & Kitchen","","","","https://www.amazon.com/dp/B0CG6K2FC7"
"","","B0CBWQNP82","Closet Organizers and Storage, 204 Qt-6 Pack Storage Bins with Lids and Wheels, Collapsible Stackable Storage Bins, Plastic Foldable Box Storage Containers for Home, Ofiice, Dorm Room Essentials","ANDFZ","$129.99","811","18","$105,422","07/23/2023","","4.5","287","","52,052","7","FBA","1","Home & Kitchen","","","","https://www.amazon.com/dp/B0CBWQNP82"
"","","B0CBLWYX2Q","TRZZ Storage Containers, Closet Organization Cabinet, Collapsible Stackable Plastic Storage Bin with Lid, Wheels and  Folding Box for Dorm Room, Car, Home (8.4Gal-3Pack, Grey)","TRZZ","$109.99","277","10","$30,467","08/17/2023","$62.13","4.7","194","$47.86","87,514","7","FBA","1","Home & Kitchen","Oversize","12.2 x 35.4 x 19.3 in","5.6 lb","https://www.amazon.com/dp/B0CBLWYX2Q"
"","","B0CHK28QV6","villertech Stackable Storage Bins 60 Qt, Collapsible Storage Bins with Lids and Doors, Open Front Folding Storage Box with Wheels Plastic Storage Containers Closet Organizers Living Room Beige(3 Tier)","villertech","$119.99","419","10","$50,276","10/30/2023","","4.3","61","","95,030","6","FBA","1","Home & Kitchen","","","","https://www.amazon.com/dp/B0CHK28QV6"
"","","B0B3GNL76F","CleverMade Collapsible Shopping Basket, Ocean, 3PK - 24L (6 Gal) Reusable Plastic Grocery Shopping Baskets, Holds 25lbs Per Basket - Small Foldable Storage Crates with Handles","CleverMade","$47.87","907","32","$43,418","06/06/2022","$27.87","4.4","2,032","$20.00","4,180","7","AMZ","5","Industrial & Scientific","Oversize","13.25 x 19.25 x 7.88 in","8.199 lb","https://www.amazon.com/dp/B0B3GNL76F"
"","","B0C6ZGVNZ9","EpicTotes Extra Large Moving Bags, Heavy-Duty Storage Totes with Zipper Top and Sturdy Handles, Moving Supplies for Space Saving and Packing, Collapsible Storage Bags, Black & Gray, 88L, 6-Pack","EpicTotes","$11.99","1,774","75","$21,270","07/23/2023","$4.12","4.6","218","$7.87","1,514","7","FBA","1","Industrial & Scientific","Standard","8.11 x 3.78 x 14.76 in","3.72 lb","https://www.amazon.com/dp/B0C6ZGVNZ9"
"","","B0C7W4MY15","Hzuaneri Storage Cubes, 11.8-Inch Foldable Cube Storage Bin with Handles, Set of 6, Cube Storage Baskets for Organizing, Closet Organizers for Shelves, Bookcase, Grey SC07030W","Hzuaneri","$15.99","553","26","$8,842","08/30/2023","$0.47","4.3","62","$15.52","35,799","7","FBA","1","Home & Kitchen","Oversize","11.8 x 11.8 x 11.8 in","7.98 lb","https://www.amazon.com/dp/B0C7W4MY15"
"","","B07JD5WMH3","CleverMade Collapsible Utility Crate, Black, 3PK - 45L Collapsible Storage Bins, Holds 66lbs Per Bin - Plastic Stackable Grated Wall Utility Containers, CleverCrates Baskets","CleverMade","$62.49","475","17","$29,683","10/11/2018","","4.2","1,619","","53,917","7","AMZ","8","Home & Kitchen","","","","https://www.amazon.com/dp/B07JD5WMH3"
"","","B0CPT4HQTN","KHNR Storage Bins with Lids,21 Gal Stackable Storage Bins,4 Packs Collapsible Storage Bins with Wheels,Closet Organizers and Storage for Home and Office","KHNR","$248.99","282","10","$70,215","01/21/2024","","5","9","","92,059","6","FBA","1","Home & Kitchen","","","","https://www.amazon.com/dp/B0CPT4HQTN"