"Export time:  2/2/2024, 12:12:04 PM","","ASIN","Product Name","Brand","Price","Monthly Units Sold","Daily Units Sold","Monthly Revenue","Date First Available","Net Revenue","Star Rating","Reviews","Amazon Fees","BSR","LQS","Seller Type","Sellers","Category","Product Tier","Dimensions","Weight","Link"
"","","B092ZDHJMN","Fab totes 6 Pack Clothes Storage, Foldable Blanket Storage Bags, Storage Containers for Organizing Bedroom, Closet, Clothing, Comforter, Organization and Storage with Lids and Handle, Grey","Fab totes","$29.99","51,586","1,234","$1.55M","08/20/2021","","4.3","22,012","","109","6","FBA","8","Home & Kitchen","","","","https://www.amazon.com/dp/B092ZDHJMN"
"linen storage","","B09HTCTS76","Furnhome 3 Pack 40L Clothes Storage Organizer,Sturdy Stackable Bins for Closet Storage,Foldable Clothing Storage Bins for Clothes with Zippers & Clear Window & Reinforced Handles-Beige","Furnhome","$29.99","1,500","50","$44,985","10/05/2021","$17.26","4.7","699","$12.73","18,144","7","FBA","1","Home & Kitchen","Standard","13.898 x 17.441 x 3.504 in","5.132 lb","https://www.amazon.com/dp/B09HTCTS76"
"Average Monthly Sales: 4,285","","B0CM37V25J","GODELAIF Bed Sheet Organizer and Storage, Foldable Sheet Set Organizer for Twin/Full/Queen/King Size, Linen Closet Organizers and Storage with Handle for Sheet Set Bedding Clothes Blanket","GODELAIF","$19.99","255","15","$5,097","10/29/2023","","4.8","86","","61,669","7","FBA","1","Home & Kitchen","","","","https://www.amazon.com/dp/B0CM37V25J"
"Average Revenue: $147,160","","B09YQXNHF9","2 Pack Clothes Storage Bins - Stackable Metal Frame Storage Box Foldable Linen Fabric Organizer with Carrying Handles and Clear Window-22L (Light Gray, 15.7X 11.8X 7.8Inch)","FHSQX","$24.99","1,385","32","$34,611","08/23/2020","$14.81","4.7","1,565","$10.18","29,040","7","FBA","1","Home & Kitchen","Standard","13.071 x 16.496 x 2.48 in","2.233 lb","https://www.amazon.com/dp/B09YQXNHF9"
"Average Price: $35.86","","B085ZV98JM","90L Large Storage Bags, 6 Pack Clothes Storage Bins Foldable Closet Organizers Storage Containers with Durable Handle for Clothing, Blanket, Comforters, Bed Sheets, Pillows and Toys (Gray)","Budding Joy","$24.99","51,020","1,239","$1.27M","03/16/2020","$13.31","4.3","44,789","$11.68","108","6","FBA","4","Home & Kitchen","Standard","11.54 x 14.45 x 6.77 in","2.69 lb","https://www.amazon.com/dp/B085ZV98JM"
"Average No. of Ratings: 5,334","","B0C9QBRQB4","SpaceAid 4 Pack Bed Sheet Organizers and Storage, Foldable Sheet Organizer for Linen Closet, Sheets Set Folder Keeper with Window XL (Queen & King Size) Organizing Bedding Container, Gray","SpaceAid","$33.98","6,400","279","$217,472","06/28/2023","","4.6","237","","1,846","6","FBA","1","Home & Kitchen","","","","https://www.amazon.com/dp/B0C9QBRQB4"
"Average Sales Rank: 81,330","","B0CB3S75HL","Furnhome 6 Pack Bed Sheet Organizers and Storage, Sheet Organizer for Linen Closet, Foldable Sheet Set Organizer, Sheet Storage Cube for Beding Sheets, Duvet Covers and Pillowcases","Furnhome","$69.99","220","4","$15,398","07/03/2023","","4.5","69","","217,116","7","FBA","3","Home & Kitchen","","","","https://www.amazon.com/dp/B0CB3S75HL"
"Average Rating Number: 4.5","","B07VWSPJ3H","Spacesaver Space Bags Vacuum Storage Bags (Variety 20 Pack) Save 80% on Clothes Storage Space - Vacuum Seal Bags for Clothing, Comforters, etc - Compression Seal for Closet Storage. Pump for Travel","Spacesaver","$33.99","6,965","214","$236,740","07/08/2019","$22.16","4.4","72,703","$11.83","2,775","7","FBA","7","Home & Kitchen","Standard","9.02 x 5.16 x 12.8 in","3.8 lb","https://www.amazon.com/dp/B07VWSPJ3H"
"","","B0CM397MB2","GODELAIF Bed Sheet Organizer and Storage, Foldable Sheet Set Organizer for Twin/Full/Queen/King Size, Linen Closet Organizers and Storage with Handle for Sheet Set Bedding Clothes Blanket","GODELAIF","$19.99","307","15","$6,137","10/29/2023","","4.8","86","","61,669","7","FBA","1","Home & Kitchen","","","","https://www.amazon.com/dp/B0CM397MB2"
"","","B0C8HWC487","DELLAN Bed Sheet Organizer, Linen Closet Organizers and Storage, Foldable Cube Sheet Set Organizer (2 Pack)","DELLAN","$29.99","541","14","$16,225","06/18/2023","","4.6","41","","64,607","6","FBA","2","Home & Kitchen","","","","https://www.amazon.com/dp/B0C8HWC487"
"","","B0CB5XWKPH","POSH PEAK 68L Large Woven Laundry Hamper 20'x14',Brown and White Woven Cotton Rope Storage Basket, Tan Jute Handles Cotton Linen Baby Nursery Basket, Toys and Clothes for Bedroom and Living Room","POSHPEAK","$38.99","150","5","$5,849","07/04/2023","","4.9","33","","177,419","6","FBA","1","Home & Kitchen","","","","https://www.amazon.com/dp/B0CB5XWKPH"
"","","B0CJJHLSXQ","BigPonPon 3-Pack Foldable Bed Sheets Set Organizers and Storage(King & Queen Size),Linen Fabric Closet Organizers with Window,Folding Bedding Storage Box for Bedsheets and Pillow Cube Organizer","BigPonPon","$29.77","1,825","64","$54,330","09/20/2023","$18.78","4.5","61","$10.99","13,517","7","FBA","1","Home & Kitchen","Standard","12.5 x 4.7 x 15 in","5.13 lb","https://www.amazon.com/dp/B0CJJHLSXQ"
"","","B09W94V51Q","3 Pack Clothes Storage Bins - Foldable Metal Frame Storage Box - Stackable Linen Fabric Organizer Set with Carrying Handles and Clear Window (Beige, 15.7x11.8x11.8inch(36L))","FHSQX","$35.99","1,172","37","$42,180","06/04/2021","$24.80","4.7","1,044","$11.19","24,706","7","FBA","1","Home & Kitchen","Standard","2 x 15 x 12 in","2.205 lb","https://www.amazon.com/dp/B09W94V51Q"
"","","B0C1BK6DCP","SUOCO Modern Fabric Storage Box, Beige, 4-1/2 in W x 15 in D x 12-3/4 in H, Fits 1 Queen/King Sheet Set or Duvet Cover Set","SUOCO","$49.99","2,402","54","$120,076","06/05/2023","$34.56","4.3","152","$15.43","16,620","7","FBA","2","Home & Kitchen","Standard","12.68 x 4.17 x 15.35 in","8.9 lb","https://www.amazon.com/dp/B0C1BK6DCP"
"","","B07SFZLWHC","Amazon Basics Fabric 5-Drawer Storage Organizer Unit for Closet, Black","Amazon Basics","$69.34","","","","10/23/2019","$41.26","4.6","3,189","$28.08","4,778","6","AMZ","7","Our Brands","Oversize","14.173 x 33.701 x 6.929 in","22.619 lb","https://www.amazon.com/dp/B07SFZLWHC"
"","","B08VDVPTQD","Clothes Storage Bins Box - Linen Fabric Foldable Stackable Container Organizer Set with Clear Window & Carry Handles & Metal Frame - 2Pack Large Capacity for Bedding, Blankets, Books","CYhom","$32.99","633","29","$20,883","01/28/2021","$17.20","4.7","1,145","$15.79","31,672","7","FBA","1","Home & Kitchen","Oversize","16 x 20 x 2 in","5.249 lb","https://www.amazon.com/dp/B08VDVPTQD"
"","","B09XTTLPYC","3 Pack Clothes Storage Bins - Foldable Metal Frame Storage Box - Extra Large Stackable Linen Fabric Organizer Set with Carrying Handles and Clear Window (Beige, 23.6x16.5x15.7inch(100L))","FHSQX","$64.99","1,184","37","$76,948","06/03/2021","$42.88","4.7","1,044","$22.11","24,706","7","FBA","1","Home & Kitchen","Oversize","18.58 x 24.96 x 2.76 in","9.35 lb","https://www.amazon.com/dp/B09XTTLPYC"
"","","B0BQC3SRHC","Fordonral 4 Pack Linen Storage Bins, Storage Containers for Organizing Clothing, Jeans, Toys, Books, Shelves, Closet, Wardrobe - Closet Organizers and Storage, Large Storage Boxes Baskets with Window","Fordonral","$20.98","2,196","72","$46,072","12/15/2022","$9.90","4.7","220","$11.08","11,739","6","FBA","3","Home & Kitchen","Standard","10.63 x 6.69 x 15.75 in","1 lb","https://www.amazon.com/dp/B0BQC3SRHC"
"","","B09F32F4TR","Bagnizer Large 22 Quart Linen Fabric Foldable Storage Bin Cube Organizer Basket with Flip-Top Lid & Handles, Clothes Blanket Box for Home, Office, Closet, Gray, 4 Pack 14.6 x 9.5 x 9.5","Bagnizer","$29.99","3,853","122","$115,551","08/30/2021","","4.6","972","","6,081","7","FBA","5","Home & Kitchen","","","","https://www.amazon.com/dp/B09F32F4TR"
"","","B08JPVWLB8","WISELIFE Storage Bags [3 Pack/100L] Large Blanket Clothes Organization and Storage Containers for Comforters,Bedding, Foldable Organizer with Reinforced Handle, Clear Window, Sturdy Zippers,Gray","WISELIFE","$19.99","5,390","181","$107,746","11/25/2020","$10.56","4.6","10,679","$9.43","3,553","7","FBA","2","Home & Kitchen","Standard","11.614 x 11.89 x 3.976 in","1.636 lb","https://www.amazon.com/dp/B08JPVWLB8"
"","","B0CF5DJ67N","DELLAN Bed Sheet Organizer, Linen Closet Organizers and Storage, Foldable Cube Sheet Set Organizer (4 Pack)","DELLAN","$39.99","533","14","$21,315","08/08/2023","","4.6","41","","64,607","6","FBA","1","Home & Kitchen","","","","https://www.amazon.com/dp/B0CF5DJ67N"
"","","B0B4G4X43M","HAIXIN Storage Bins with Lids, Collapsible Storage Bins, Wardrobe Closet Organizer, 19 Gal Stackable Toy Storage, Foldable Plastic Storage Container with Door, Crate for Book Storage (3 Pack)","HAIXIN","$199.99","9,088","371","$1.82M","07/28/2022","$106.22","4.5","3,520","$93.77","1,153","6","FBA","2","Home & Kitchen","Oversize","15 x 43 x 25 in","14 lb","https://www.amazon.com/dp/B0B4G4X43M"
"","","B0CJRTJ6KK","Advanvel Bed Sheet Organizers and Storage Foldable Box, Sheet Organizer for Linen Closet with 2 Windows, Zip Closed Sheet Storage Folder Cubes for Queen/King Bedding Clothes Blankets, 2 Pack Beige","Advanvel","$29.99","","","$0.00","09/27/2023","","4.7","20","","1,712,452","7","FBA","1","Home & Kitchen","","","","https://www.amazon.com/dp/B0CJRTJ6KK"
"","","B0C9ZXMPSH","Clothes Storage Bins with Foldable Metal Frame - 36L Large Capacity Stackable Linen Fabric Organizer Set,Carrying Handles,Clear Window,for Bedding,Blankets,sweater","FHSQX","$24.99","30","1","$749.70","07/02/2023","$6.22","4.7","37","$18.77","566,569","7","FBA","1","Home & Kitchen","Oversize","12 x 12 x 15.5 in","4.09 lb","https://www.amazon.com/dp/B0C9ZXMPSH"
"","","B0CDLDW71R","Feverdes SheetCube Bed Sheet Set Organizer 4-Pack (Queen or King Size),Foldable Storage Box,Linen Closet Organizer for Bedding Sheets, Duvet Covers,Blankets and Pillow Cases (Grey)","Feverdes","$59.99","537","16","$32,215","08/02/2023","","4.3","58","","59,011","6","FBA","1","Home & Kitchen","","","","https://www.amazon.com/dp/B0CDLDW71R"
"","","B0B825RMNF","CTSNSLH 4 Pack Folding Closet Organizers Storage Box, Stackable Plastic Drawer Basket for Clothing(White)","CTSNSLH","$37.99","5,387","89","$204,652","07/28/2022","","4.4","768","","9,083","7","FBA","4","Home & Kitchen","","","","https://www.amazon.com/dp/B0B825RMNF"
"","","B0CKN65T7M","Storage Clothes Bins Closet Bags - 35L Containers Organizer Boxes Clothing Bin Organization for Organizing Blanket Pillow Sheet Sweater, Foldable Fabric Bedroom Small Storage Totes With Lids Zipper","Sodynee","$11.66","180","6","$2,099","","","4.4","10","","136,205","","FBA","","Home & Kitchen","","","","https://www.amazon.com/dp/B0CKN65T7M"
"","","B0C5WL6CFL","KIMBORA Foldable Bed Sheet Organizer and Storage, 3 Pack King Size Sheet Set Organizer for Linen Closet With Clear PVC Sheet Storage for Bedding Sheets, Duvet Covers and Pillow cases","KIMBORA","$23.99","887","17","$21,279","05/21/2023","$13.06","4.3","124","$10.93","54,386","7","FBA","2","Home & Kitchen","Standard","4.5 x 13 x 15 in","1 lb","https://www.amazon.com/dp/B0C5WL6CFL"
"","","B07PCNGJP8","Lifewit Large Capacity Clothes Storage Bag Organizer with Reinforced Handle Thick Fabric for Comforters, Blankets, Bedding, Foldable with Sturdy Zipper, Clear Window, 3 Pack, 90L, Grey","Lifewit","$19.99","8,586","194","$171,634","03/02/2019","$10.56","4.5","75,150","$9.43","3,206","6","FBA","3","Home & Kitchen","Standard","10.63 x 13.27 x 3.94 in","1.57 lb","https://www.amazon.com/dp/B07PCNGJP8"
"","","B0C9PL48DM","BIKTIC SheetCube Bed Sheet Organizers and Storage,4 Pack Sheet Folder Organizer (Queen or King Size), Linen Closet Organizer for Bedding Sheets,Duvet Covers and Pillow cases,Grey","BIKTIC","$49.99","1,602","42","$80,084","07/31/2023","","4.8","371","","21,514","7","FBA","4","Home & Kitchen","","","","https://www.amazon.com/dp/B0C9PL48DM"
"","","B084RMZX96","Comforter Storage Bag - Folding Organizer bag for King/Queen Comforters, Pillows, Blankets, Bedding/Quilt, Blanket, Duvet, Mothproof Space Saver; Large Collapsible Organizers, 24'x14'x11'","Chaos Cleared","$14.99","2,700","80","$40,473","02/11/2020","$8.97","4.6","1,733","$6.02","10,439","7","FBA","2","Home & Kitchen","Standard","8 x 1 x 10 in","0.5 lb","https://www.amazon.com/dp/B084RMZX96"
"","","B0BT74ZHXK","LINENMATE Queen/King Size (Ivory 2-Pack) - The Original 2-Pack Linen Storage Container with Sheet-Folding Assisted Panels | Bed Sheets | Duvet Covers | Pillowcases | Towels","LINENMATE","$74.97","966","26","$72,421","01/25/2023","$54.89","4.5","174","$20.08","35,818","6","FBA","5","Home & Kitchen","Standard","12 x 4 x 15 in","2.74 kg","https://www.amazon.com/dp/B0BT74ZHXK"
"","","B091F669MP","3Pack Foldable Storage Bins - Frame Storage Box Linen Fabric Stackable Clothes Container Organizer with Clear Window & Carry Handles Large Capacity (Small-22L, Light Grey)","CYhom","$29.99","678","19","$20,333","11/09/2021","$19.06","4.7","947","$10.93","49,369","7","FBA","1","Home & Kitchen","Standard","12 x 1.5 x 16 in","3.3 lb","https://www.amazon.com/dp/B091F669MP"
"","","B0922M88FJ","StorageWorks Underbed Storage Box, Under Bed Clothes Organizer With Sturdy Structure and Ultra Thick Fabric, Ivory White, Large, 2 pack","StorageWorks","$39.99","5,296","127","$211,787","04/07/2021","$26.96","4.8","1,214","$13.03","5,811","6","FBA","3","Home & Kitchen","Standard","13.071 x 17.323 x 3.661 in","5.445 lb","https://www.amazon.com/dp/B0922M88FJ"
"","","B0C16JFJJN","SheetCube 4 Pack Bed Sheet Organizers and Storage, Foldable Bedding Storage Box Container with Window and Label, Linen Closet Organizer Folder for Blanket, Duvet Cover Set, Bed Sheet Set - Grey","SUOCO","$25.49","1,384","88","$35,278","06/05/2023","","4.1","553","","9,246","6","FBA","1","Home & Kitchen","","","","https://www.amazon.com/dp/B0C16JFJJN"
"","","B09TB8WFXC","HomeHacks Storage 3-Pack Clothes Organizer Storage Bags Foldable Storage Box with Large Clear Window Sturdy Handles for Closet, Dorm, Pillows, Bedding, Clothes, Stuffed Toys, Blankets, 35L, Grey","HomeHacks","$11.99","4,762","134","$57,096","04/09/2022","$4.40","4.4","1,169","$7.59","5,398","6","FBA","5","Home & Kitchen","Standard","9.84 x 9.92 x 3.82 in","0.86 lb","https://www.amazon.com/dp/B09TB8WFXC"
"","","B09Q38H2J4","Budding Joy 90L Under Bed Storage Containers, Closet Organizers and Storage Bins, Collapsible Underbed Storage Bags for Blankets, Towels, Comforter, Sweaters, Linen Sheets, Wrapping Paper","Budding Joy","$25.99","15,883","388","$412,799","01/09/2022","$15.06","4.2","6,063","$10.93","1,065","7","FBA","1","Home & Kitchen","Standard","12.874 x 14.095 x 4.567 in","2.56 lb","https://www.amazon.com/dp/B09Q38H2J4"
"","","B0C9QB47R2","SpaceAid 8 Pack Bed Sheet Organizers and Storage, Foldable Sheet Organizer for Linen Closet, Sheets Set Folder Keeper with Window XL (Queen & King Size) Organizing Bedding Container, Beige","SpaceAid","$62.98","1,274","43","$80,237","06/28/2023","","4.4","127","","21,151","6","FBA","2","Home & Kitchen","","","","https://www.amazon.com/dp/B0C9QB47R2"
"","","B0C553P6CT","MCOLIMA Linen Storage Organizer, 2 Pack Large 90L Foldable Storage Bags Bedding Storage Containers with Zipper Lids, Closet Collapsible Clothing Bins for Linen Blanket Fabric Pillow Dorm","MCOLIMA","$11.99","291","7","$3,489","05/12/2023","","4.2","57","","130,788","6","FBA","1","Home & Kitchen","","","","https://www.amazon.com/dp/B0C553P6CT"
"","","B07KQRYVFJ","Clear Zippered Storage Bags (3-Pack) Closet Organizer Vinyl Bag for Bedding, Linen, Blankets, Duvet Covers, Comforters, Clothes & Toys | Multi Purpose & Space Saver PVC Organizers","Wappa Home","$24.99","3,606","79","$90,114","12/30/2018","$15.45","4.5","3,489","$9.54","10,622","6","FBA","1","Home & Kitchen","Standard","6.85 x 9.37 x 5.67 in","2.101 lb","https://www.amazon.com/dp/B07KQRYVFJ"
"","","B08B7ZYN3Y","Larger Storage Cubes [4-Pack] Senbowe Linen Fabric Foldable Collapsible Storage Cube Bin Organizer Basket with Lid, Handles, Removable Divider For Home, Nursery, Closet - (16.5x 11.8 x 9.8)","senbowe","$39.99","737","19","$29,473","06/14/2020","$26.06","4.6","7,653","$13.93","49,387","7","FBA","1","Home & Kitchen","Standard","13.9 x 17.9 x 3.8 in","8.3 lb","https://www.amazon.com/dp/B08B7ZYN3Y"
"","","B0C9Q61MDQ","SpaceAid 6 Pack Bed Sheet Organizers and Storage, Foldable Sheet Organizer for Linen Closet, Sheets Set Folder Keeper with Window XL (Queen & King Size) Organizing Bedding Container, Black","SpaceAid","$49.98","1,057","27","$52,829","06/28/2023","","4.6","131","","34,911","6","FBA","2","Home & Kitchen","","","","https://www.amazon.com/dp/B0C9Q61MDQ"
"","","B0BW5WHHTK","3 Openings Clothes Storage Bins with Metal Frame, Foldable Storage Bin for Clothes, Clothing Storage Bins with Lid, Linen Storage Box With Clear Window Zippers Durable Handles.(3 Pcs,Beige,40L)","Furnhome","$35.99","1,603","47","$57,692","04/11/2023","","4.7","169","","19,279","7","FBA","1","Home & Kitchen","","","","https://www.amazon.com/dp/B0BW5WHHTK"
"","","B07VNPVMJM","SGHUO 4 Pack Blanket Storage Bags with Zipper, Foldable Comforter Bag, Large Organizers for Blankets, Pillow, Quilts, Linen, Containers Thick Fabric, Sturdy Grey, 90L","SGHUO","$16.99","426","15","$7,238","07/24/2019","$8.01","4.5","9,860","$8.98","64,011","6","FBA","1","Home & Kitchen","Standard","11.42 x 13.66 x 3.39 in","1.83 lb","https://www.amazon.com/dp/B07VNPVMJM"
"","","B09YM8GN8G","Clothes Storage Bags Foldable Blanket Storage Bins for Closet Organizers Storage Containers with Durable Handles Thick Fabric for Clothing Comforter Blanket Bedding Organization and Storage 6 Pack","Budding Joy","$21.99","7,469","101","$164,243","04/21/2022","$0.63","4.3","2,960","$21.36","7,766","6","FBA","3","Home & Kitchen","Oversize","13 x 12.2 x 21.7 in","2.2 lb","https://www.amazon.com/dp/B09YM8GN8G"
"","","B0811PXNBJ","StorageWorks Storage Bins, Extra Large Closet Storage Bins for Organizing, Fabric Storage Baskets with Handles, Rectangle Storage Baskets for Closet, Natural Color, 2-Pack","StorageWorks","$22.39","9,276","322","$207,690","11/04/2019","$12.60","4.6","4,764","$9.79","1,460","6","FBA","1","Home & Kitchen","Standard","12.95 x 17.2 x 2.13 in","3.419 lb","https://www.amazon.com/dp/B0811PXNBJ"
"","","B09X1MGKRZ","Homsorout Fabric Storage Bins with Lids, 3 Packs Storage Cubes with Window, Fabric Storage Baskets Bins for shelves, Closet Storage Boxes for Towels, Clothes, Home, Office, Blended","Homsorout","$25.99","1,862","57","$48,393","03/31/2022","$15.66","4.6","736","$10.33","15,419","7","FBA","1","Home & Kitchen","Standard","9.92 x 14.61 x 2.68 in","3.841 lb","https://www.amazon.com/dp/B09X1MGKRZ"
"","","B07R6H4WKL","Onlyeasy Foldable Underbed Bags 2 Pack - Blankets Clothes Comforters Storage Bag Breathable Zippered Organizer for Bedroom with Clear Window and 4 Handles, 39.4x19.7x5.9 in, Linen-like Grey, MXDUBBP2","Onlyeasy","$12.97","5,907","172","$76,614","06/09/2019","$1.70","4.4","18,196","$11.27","3,816","7","FBA","1","Home & Kitchen","Oversize","19.69 x 5.91 x 39.37 in","490 g","https://www.amazon.com/dp/B07R6H4WKL"
"","","B07VT29BDT","SLEEPING LAMB 120L Extra Large Blanket Storage Bags Breathable Clothes Storage Containers for King Comforter Bedding Pillow Sheet, Grey, 2 Packs","SLEEPING LAMB","$18.99","1,731","51","$32,872","07/28/2019","$-12.18","4.6","5,192","$31.17","17,403","6","FBA","2","Home & Kitchen","Oversize","16.1 x 22.3 x 20 in","1.01 lb","https://www.amazon.com/dp/B07VT29BDT"
"","","B0C4LFRYDR","GZOOGHOME 4 Pack Bed Sheet Organizers and Storage, Sheet Folder Organizer for Linen Closet, Foldable Sheets Set Keeper XL (Queen or King Size) Organizing Bedding Container (Circle Window, Black)","GZOOGHOME","$39.99","819","21","$32,752","05/07/2023","$26.66","4.2","144","$13.33","44,184","7","FBA","2","Home & Kitchen","Standard","4.5 x 12.8 x 15 in","3.1 lb","https://www.amazon.com/dp/B0C4LFRYDR"
"","","B0CCJ8JF5G","Kigley 8 Pcs Linen Closet Organizers and Storage Foldable Clothing Bins Large Foldable Box with Window Storage Baskets for Closet Shelf Clothes Jeans Toys Organization, Beige","Kigley","$31.99","279","5","$8,925","07/20/2023","$20.16","4.5","4","$11.83","158,708","7","FBA","30","Home & Kitchen","Standard","10.91 x 4.41 x 15.79 in","5.04 lb","https://www.amazon.com/dp/B0CCJ8JF5G"
"","","B0BVB46NYX","BDZBREN 4Pack Linen Storage BinsStorage Containers for Organizing Clothing, Jeans, Toys, Shelves, Closet, Wardrobe - Closet Organizers and StorageFoldable Large Storage Boxes Baskets with Window","BDZBREN","$19.99","463","2","$9,255","02/19/2023","","4.6","88","","393,691","6","FBA","1","Home & Kitchen","","","","https://www.amazon.com/dp/B0BVB46NYX"
"","","B0CN14LHFP","BigPonPon 6 Pack Bed Sheets Organizers And Storage (King Size),Foldable Sheet Organizer With Handle For Linen Closet,Bedding Organizer Storage For Sheets, Duvet Cover (Beige","BigPonPon","$64.99","480","13","$31,195","09/20/2023","","4.5","40","","72,135","7","FBA","1","Home & Kitchen","","","","https://www.amazon.com/dp/B0CN14LHFP"
"","","B0CJJHZS33","Bed Sheet Organizers and Storage - 4 Pack (Queen or King Size),Foldable Storage Box for Duvet Cover Set, Linen Closet Organizer for Bedding Clothes Blankets, Grey","Aokeyee","$39.59","637","24","$25,219","09/20/2023","$26.32","4.7","90","$13.27","38,653","6","FBA","1","Home & Kitchen","Standard","12.9 x 5 x 15 in","4.85 lb","https://www.amazon.com/dp/B0CJJHZS33"
"","","B0BX4R4T8Q","OrganiHaus Extra Large Fabric Storage Baskets for Shelves 3 Pack | 16x13in Closet Storage Bins for Shelves | Cloth Baskets for Organizing | Linen Closet Organizers | Fabric Storage Bin - Beige/White","OrganiHaus","$30.99","6,525","189","$202,210","05/24/2023","","4.7","803","","3,344","6","FBA","2","Home & Kitchen","","","","https://www.amazon.com/dp/B0BX4R4T8Q"
"","","B0747X21B9","iDesign Fabric Storage Bags with Zipper, Medium, Set of 2, 16' x 12' x 8'","iDesign","$9.02","820","29","$7,396","07/24/2017","$4.13","4.3","1,655","$4.89","31,823","6","AMZ","1","Home & Kitchen","Standard","6.221 x 14.134 x 1.811 in","0.375 lb","https://www.amazon.com/dp/B0747X21B9"
"","","B09HTCMRK6","Furnhome 3 Pack 40L Organizer/Bins, Sturdy Stackable, Foldable Clothing Storage for Closet with Zippers & Clear Window & Reinforced Handles-Grey","Furnhome","$29.99","954","50","$28,610","10/05/2021","$18.46","4.7","699","$11.53","18,144","7","FBA","1","Home & Kitchen","Standard","13.937 x 17.598 x 3.268 in","5.086 lb","https://www.amazon.com/dp/B09HTCMRK6"
"","","B0CJQWBH4N","HUWAILE Sheet Organizers and Storage - 3 Pack Bed Sheet Organizers for All Sheet Sizes, Including Queen/King Size Blankets, Foldable Blanket Organizer/Sheet Storage for Linen Closet, Beige","HUWAILE","$32.99","301","5","$9,930","09/24/2023","$20.41","4.9","50","$12.58","169,005","6","FBA","1","Home & Kitchen","Standard","13 x 5.5 x 15 in","5.9 lb","https://www.amazon.com/dp/B0CJQWBH4N"
"","","B0C58V1N6Q","4 Pack Linen Clothes Storage Bins, 22L Sturdy Closet Organizers and Storage Bins with Metal Frame, 2 Opening Ways Fabric Visible Lidded Storage Box for Organizing Clothing,Jeans,Books,Closet,Wardrobe","Fordonral","$29.99","469","8","$14,065","04/29/2023","","4.5","55","","110,425","7","FBA","1","Home & Kitchen","","","","https://www.amazon.com/dp/B0C58V1N6Q"
"","","B08KQ4PZGM","VENO 4 Pack Heavy Duty Oversized Storage Bag for Moving, College Dorm, Traveling, Camping, Christmas Decorations, Packing Supplies, Organizer Tote, Reusable and Sustainable (Clear, 4 Pack)","VENO","$29.99","7,231","125","$216,858","10/04/2020","$19.70","4.7","15,580","$10.29","5,936","7","FBA","1","Home & Kitchen","Standard","10.6 x 2.8 x 13.8 in","2.271 lb","https://www.amazon.com/dp/B08KQ4PZGM"
"","","B0CGRXMYVW","Supowin Under Bed Storage with Wheels, Rolling Underbed Storage Containers with Lids, Under Bed Shoe Storage Bins Organizer with Reinforced Metal Bottom Support and Three Handles, 2 Pack Grey","Supowin","$49.99","1,102","42","$55,089","11/22/2023","","4.4","61","","21,888","7","FBA","1","Home & Kitchen","","","","https://www.amazon.com/dp/B0CGRXMYVW"