"Export time:  1/30/2024, 5:09:37 PM","","ASIN","Product Name","Brand","Price","Monthly Units Sold","Daily Units Sold","Monthly Revenue","Date First Available","Net Revenue","Star Rating","Reviews","Amazon Fees","BSR","LQS","Seller Type","Sellers","Category","Product Tier","Dimensions","Weight","Link"
"","","B0CB57W859","Lifewit 4 Pack Plastic Multi-Purpose Storage Box with Latching Lids, Clear A4 Paper Storage, Classroom Organization, Storage Containers for Board Game, Craft, Document, Magazine, Art Supplies","Lifewit","$25.98","1,114","59","$28,942","10/04/2023","","4.8","47","","14,993","7","FBA","1","Home & Kitchen","","","","https://www.amazon.com/dp/B0CB57W859"
"classroom storage","","B0CD7DKYNB","HoneySky 6 Pack - 8.5 Gallon Storage Bins with Lids and Wheels, Collapsible & Stackable Closet Organizers, Foldable Storage Containers Plastic Shelves for Clothes Shoe Book, White","HoneySky","$159.99","620","32","$99,194","09/20/2023","","4.8","9","","28,837","7","FBA","1","Home & Kitchen","","","","https://www.amazon.com/dp/B0CD7DKYNB"
"Average Monthly Sales: 4,650","","B0BN2ZCQ9C","Sineda 4 Pack Storage Bins with Lids - 19 Gallon Collapsible Storage Bins with Wheels and Door, Stackable Storage Bins for Clothing, Blankets, Books, Bedding and Toys.(19 Gal-4Pack, Green)","Sineda","$229.95","2,795","57","$642,710","01/28/2023","","4.6","759","","15,499","7","FBA","3","Home & Kitchen","","","","https://www.amazon.com/dp/B0BN2ZCQ9C"
"Average Revenue: $173,570","","B0BKWLDRZY","YEMUNY 5 Tier Rolling Utility Cart Multi-Functional Movable Storage Book Shelves with Lockable Casters for Study Office Kitchen Classroom, White","YEMUNY","$35.87","1,567","25","$56,208","10/28/2022","","4","225","","10,048","7","FBA","1","Office Products","","","","https://www.amazon.com/dp/B0BKWLDRZY"
"Average Price: $55.19","","B0CK1YP1MP","SYKIARIOL Utility Cart with 8 Drawers,Rolling Storage Cart with Wooden Tabletop and Lockable Wheels,Storage Drawer Cart with Large Capacity,Colorful","SYKIARIOL","$56.99","403","11","$22,967","09/27/2023","","4.1","23","","22,500","7","FBA","1","Office Products","","","","https://www.amazon.com/dp/B0CK1YP1MP"
"Average No. of Ratings: 3,900","","B0CH8X6XCK","Plastic Storage Baskets With Bamboo Lid - Plastic Storage Containers Stackable Storage bins: Storage Baskets for Organizing Shelves Drawers Desktop Closet Playroom Classroom Office, 6 Pack","Ohmlove","$36.99","1,325","39","$49,012","10/12/2023","","4.6","72","","23,328","7","FBA","1","Home & Kitchen","","","","https://www.amazon.com/dp/B0CH8X6XCK"
"Average Sales Rank: 48,190","","B0CMW6Q7G1","IRIS USA Small 3-Drawer Desktop Organizer, 4 Pack, Stackable, for Office, School, Stationary, Makeup Organizer, Bathroom, Utility, Medical Supplies, Desk Organizer, Versatile Storage, Black","IRIS","$32.99","4,877","158","$160,892","11/06/2023","$21.31","4.7","8,497","$11.68","1,209","7","AMZ","7","Office Products","Standard","6.75 x 6.88 x 8.38 in","4.6 lb","https://www.amazon.com/dp/B0CMW6Q7G1"
"Average Rating Number: 4.5","","B07K2KJFTW","Really Good Stuff-163319 Durable Magazine, Book, Folder, File and Binder Holders  Ideal for Narrow or Vertical Storage Needs Instantly Color Code Home Classroom Assorted Primary Colors(Set of 6)","Really Good Stuff","$35.99","283","10","$10,185","02/28/2017","$23.26","4.6","469","$12.73","23,113","7","AMZ","6","Office Products","Standard","12.5 x 5.37 x 13.5 in","2.08 lb","https://www.amazon.com/dp/B07K2KJFTW"
"","","B07KCMT78K","Really Good Stuff-160103WA Durable Magazine, Book, Folder and File HoldersIdeal for Narrow or Vertical Storage NeedsInstantly Color Code Your ClassroomChoose from 22 Colors(Single Color Set of 12)","Really Good Stuff","$13.59","176","7","$2,392","01/25/2017","$-10.77","4.6","459","$24.36","32,197","7","AMZ","1","Office Products","Oversize","12.5 x 5.25 x 20.5 in","5 lb","https://www.amazon.com/dp/B07KCMT78K"
"","","B0BNVKYKNR","Simple Houseware 8-Drawers Rolling Storage Cart, Chrome","Simple Houseware","$54.87","1,556","46","$85,378","12/01/2022","","4.3","822","","5,259","5","FBA","1","Office Products","","","","https://www.amazon.com/dp/B0BNVKYKNR"
"","","B07KCL992V","Really Good Stuff Rainbow Organizing Bins, Premium Plastic Book Holders With Name Labels, Vertical Storage & Organization for Classroom & Home, Color Code Files, Books, Binders, Supplies, 12 pk","Really Good Stuff","$71.99","61","2","$4,391","05/07/2018","$52.25","4.8","189","$19.74","80,668","7","AMZ","2","Office Products","Oversize","12.5 x 5.25 x 20.5 in","0.01 oz","https://www.amazon.com/dp/B07KCL992V"
"","","B0BVPWQBYF","24 Pcs Plastic Cubby Storage Bins Classroom Cubby Organization with Self Adhesive Labels Bin Small Stackable Storage Containers Toy Book Storage Box for School Office (Colorful,11.5 x 7.5 x 5 Inch)","Hoolerry","$65.99","146","6","$9,635","02/13/2023","","3.7","17","","154,699","7","FBA","1","Home & Kitchen","","","","https://www.amazon.com/dp/B0BVPWQBYF"
"","","B0BVPRVMM7","Hoolerry 8 Pieces Colorful Storage Bins with Lid and Handle, Plastic Stackable Baskets Desktop Cube Box Storage Bins Cubby Bins Containers for Shelf Cabinet Bedroom Office(10.2 x 7 x 6.3 Inch)","Hoolerry","$42.99","304","12","$13,069","02/13/2023","","4.6","30","","79,751","6","FBA","2","Home & Kitchen","","","","https://www.amazon.com/dp/B0BVPRVMM7"
"","","B0CDBFNLWG","Merapi 5 Tier Rolling Book Cart, Movable Storage Book Shelves with Wheels, File Folder Magazine Storage with Pen Holder, Slim Rolling Cart for Teachers, Office, Dorm, Classroom, Yellow","Merapi","$33.99","233","8","$7,920","07/31/2023","","4.3","6","","29,148","7","FBA","1","Office Products","","","","https://www.amazon.com/dp/B0CDBFNLWG"
"","","B07TM5Q939","AmazonCommercial 3 Shelves Utility Cart with 400 lbs Loading Capacity, Smooth move, Gray","AmazonCommercial","$133.56","","","","10/28/2019","$9.99","4.5","129","$123.57","4,232","6","AMZ","1","Our Brands","Oversize","19.68 x 37.5 x 40 in","29.7 lb","https://www.amazon.com/dp/B07TM5Q939"
"","","B0CHMM3W58","YUQILIN 24 PCS Chair Pockets for Classroom 20 x 17 Inch Large Seat Sacks Chairback Storage Pockets for Classroom Students with Name Tag Classroom Organizer for Keeping School Table Organized Black","YUQILIN","$92.99","","","$0.00","10/14/2023","$68.56","5","1","$24.43","247,271","7","FBA","1","Office Products","Standard","11.02 x 5.12 x 17.32 in","9.3 lb","https://www.amazon.com/dp/B0CHMM3W58"
"","","B0CQCQLBHQ","30 Device Mobile iPad Laptop Charging Cart for iPad Laptop Computers Chromebook Holds Up to 16.3-inch Screen Size, Ideal for School Classroom, Library, Office Charging Cabinet - Blue","Dolonm","$439.99","30","1","$13,200","12/19/2023","","","","","152,698","","AMZ","1","Office Products","","","","https://www.amazon.com/dp/B0CQCQLBHQ"
"","","B0C6SSBMWZ","HUUSMOT 6-Pack Pastel Storage Crates, Mini Plastic Crates, Small Baskets for Organizing, Collapsible Storage Crates for Bedroom Decor Classroom Office Kitchen Home (5.8'x 3.8' x 2.2')","HUUSMOT","$9.99","1,742","46","$17,403","06/20/2023","$4.72","4.4","277","$5.27","5,321","7","FBA","1","Office Products","Standard","3.8 x 2.2 x 5.9 in","10.5 oz","https://www.amazon.com/dp/B0C6SSBMWZ"
"","","B07L3YKJ5C","Ultimate Office TierDrop Literature Organizer/Forms Mailroom Classroom Sorter, 10-Compartments with Optional Add-On Tiers for Easy Expansion, Gray w/Black","Ultimate Office","$129.00","43","","$5,547","12/03/2018","$96.53","4.5","41","$32.47","197,520","7","FBA","1","Office Products","Oversize","14.2 x 5.6 x 20.4 in","11.28 lb","https://www.amazon.com/dp/B07L3YKJ5C"
"","","B0C8MWJJCJ","Thyle 24 Pieces 11.6 x 7.7 Inch 6 Colors Plastic Cubby Bins with Labels Classroom Stacking Bins Kids Toy Storage Container Organizer Storage Cubbies for Classroom Office","Thyle","$71.99","79","3","$5,687","06/19/2023","$45.79","4.3","5","$26.20","65,987","7","FBA","1","Office Products","Oversize","12 x 8.4 x 24.8 in","12.32 lb","https://www.amazon.com/dp/B0C8MWJJCJ"
"","","B0CHFG22TK","Colarr 6 Pack Plastic Magazine File Holder Desk Organizer Foldable File Folder for Office Classroom Organization and Storage Desktop Binder Rack for Office Classroom Supplies","Colarr","$21.99","75","3","$1,649","09/05/2023","","","","","61,303","7","FBA","1","Office Products","","","","https://www.amazon.com/dp/B0CHFG22TK"
"","","B0CH8DTTP9","Clipboard Holder - Wood and Metal Clipboard Storage Rack, Classroom Must Haves Clip Board Stand, Clipboard Organizer for Classroom Office (Assembly Required)","LAISGOO","$28.99","53","1","$1,536","09/03/2023","$11.52","5","13","$17.47","112,828","6","FBA","1","Office Products","Oversize","12.5 x 13 x 10 in","3.85 lb","https://www.amazon.com/dp/B0CH8DTTP9"
"","","B09VC2TWQ8","Kuject X-Large Shoe Storage Boxes Organizers for Closet 12 Pack, Clear Plastic Stackable Sneaker Containers for Entryway, Space Saving Shoe Rack Bin Holder","Kuject","$39.99","20,952","974","$837,870","03/10/2022","$25.76","4.4","9,430","$14.23","182","6","FBA","4","Home & Kitchen","Standard","10.1 x 6.42 x 13.2 in","9.69 lb","https://www.amazon.com/dp/B09VC2TWQ8"
"","","B097PVKRYM","SEE SPRING Large 12 Pack Shoe Storage Box, Clear Plastic Stackable Shoe Organizer for Closet, Space Saving Foldable Shoe Rack Sneaker Container Bin Holder","SEE SPRING","$31.99","25,768","761","$824,318","06/21/2021","$19.56","4.2","24,342","$12.43","303","7","FBA","6","Home & Kitchen","Standard","13.7 x 15.24 x 4.41 in","7.39 lb","https://www.amazon.com/dp/B097PVKRYM"
"","","B09S3KZX2S","danpinera 3-Tier Rolling Cart, Metal Rolling Storage Cart with Lockable Wheels & Hanging Cups & Hooks, Mobile Trolley Cart for Kitchen, Bathroom, Office, Workshop, Green","danpinera","$33.99","1,910","45","$64,921","02/08/2022","","4.6","1,293","","5,444","7","FBA","1","Office Products","","","","https://www.amazon.com/dp/B09S3KZX2S"
"","","B0C65TF2Q9","Youbetia 360-Degree Rotate Pencil Holder, Office Desk Organization Art Supply Storage Organizer, Desktop Pencil Cup Desk Accessories for Office Supplies, Pen Organizer for School Stationary (BLACK)","Youbetia","$13.99","1,247","55","$17,446","07/13/2023","","4.8","147","","4,374","7","FBA","1","Office Products","","","","https://www.amazon.com/dp/B0C65TF2Q9"
"","","B09L493472","OWill 12-Pack Mixed Plastic Storage Bins and Baskets for Efficient Home Classroom Organization - Small Containers in Multiple Colors for Kitchen, Cupboard Box, Bathroom Organizer on Shelves and Tubs","OWill","$25.99","1,476","62","$38,361","10/13/2022","$15.36","4.6","1,537","$10.63","14,129","6","FBA","2","Home & Kitchen","Standard","6.54 x 8.31 x 11.82 in","2.58 lb","https://www.amazon.com/dp/B09L493472"
"","","B0B5MWG2XD","GAMENOTE Multicolor Plastic Storage Bins with Lids - 5 Qt 6 Pack Small Cubby Bins Stackable Containers for Classroom Book Bin Toy Organizers - Organization and Storage Box (12 7.2  5.1 inches)","GAMENOTE","$30.99","766","19","$23,738","08/23/2022","","4.7","178","","50,136","7","FBA","2","Home & Kitchen","","","","https://www.amazon.com/dp/B0B5MWG2XD"
"","","B09MR3ZCKY","Hapinest Rotating Art Supplies Organizer Storage Caddy for Kids | Crayon Marker and Pencil Organization for School Desk Teachers Classrooms and Crafts at Home","Hapinest","$24.99","1,350","45","$33,737","11/28/2021","$14.81","4.8","599","$10.18","5,372","6","FBA","1","Office Products","Standard","10 x 5 x 10 in","1.92 lb","https://www.amazon.com/dp/B09MR3ZCKY"
"","","B0C7KTVCDC","24pcs Mesh Zipper Pouch Bags, Zipper Bags for Organizing, A4 Zipper Bags for Classroom Organization and Storage, Board Game Storage,Puzzle Bags","YOPCDJ","$13.99","4,816","285","$67,376","08/08/2023","$6.75","4.7","333","$7.24","516","6","FBA","1","Office Products","Standard","8.5 x 2.36 x 11.34 in","1.54 lb","https://www.amazon.com/dp/B0C7KTVCDC"
"","","B0BHSZ18P3","EOOUT 28pcs Mesh Zipper Pouch Zipper Bags 13.5 'x 9.5' 14 Colors Large Storage Bags for Organizing, A4 Size Puzzle Bag Zipper File Bags for School Board Games and Office Supplies","EOOUT","$14.99","806","29","$12,082","10/09/2022","$-0.76","4.8","409","$15.75","8,558","7","FBA","1","Office Products","Oversize","13.5 x 9.5 x 14 in","1.87 lb","https://www.amazon.com/dp/B0BHSZ18P3"
"","","B09HZQ9YQ1","Gamenote Clipboard Holder - Wood and Metal Clipboard Stand Clipboards Storage Rack Small White Board Organizer for Classroom Office (Assembly Required)","GAMENOTE","$29.99","299","8","$8,967","10/07/2021","$11.99","4.6","336","$18.00","28,908","6","FBA","2","Office Products","Oversize","10 x 13 x 13 in","3.47 lb","https://www.amazon.com/dp/B09HZQ9YQ1"
"","","B09JQ5NHLB","IRIS USA 6 Quart Large Clip Box, 4 Pack, Clear Plastic Storage Container Bins with Latching Lids, Organizing Container for Home, Office and School Supplies, Stackable, Seafoam Blue Buckles","IRIS","$26.99","6,307","229","$170,226","10/17/2021","$9.06","4.6","2,160","$17.93","716","7","AMZ","11","Office Products","Oversize","16.12 x 9.38 x 12.87 in","4.08 lb","https://www.amazon.com/dp/B09JQ5NHLB"
"","","B000S12SII","Advantus, AVT34004, 10-Drawer Organizer, 1 Each, Multi","Advantus","$55.70","218","5","$12,143","04/20/2004","$28.91","4.6","696","$26.79","41,515","6","AMZ","49","Office Products","Oversize","16.6 x 5.8 x 37.3 in","13.9 lb","https://www.amazon.com/dp/B000S12SII"
"","","B0BPHY3V8L","12 Pcs Classroom Storage Caddies Stackable Utility Caddies with 4 Compartment Plastic Caddies with Handle Portable Classroom Storage Bins Organizers for Kids Kindergarten Schools Art Craft Supplies","WILLBOND","$40.99","30","1","$1,230","12/07/2022","","4.2","9","","114,451","7","FBA","1","Office Products","","","","https://www.amazon.com/dp/B0BPHY3V8L"
"","","B01H2NWHXU","IRIS USA 6Pack 8.5' x 11' Portable Project Case Container with Snap-Tight Latch, Clear","IRIS USA, Inc.","$39.99","10,328","183","$413,017","06/13/2016","$15.93","4.7","2,060","$24.06","383","6","AMZ","3","Arts, Crafts & Sewing","Oversize","13.54 x 19.29 x 13.03 in","7.52 lb","https://www.amazon.com/dp/B01H2NWHXU"
"","","B002OHDTMI","Honey-Can-Do Rolling Storage Cart and Organizer with 12 Plastic Drawers","Honey-Can-Do","$74.99","4,122","101","$309,109","06/11/2007","$40.36","4.5","22,968","$34.63","2,151","6","AMZ","5","Office Products","Oversize","16.38 x 31.1 x 10.55 in","18.75 lb","https://www.amazon.com/dp/B002OHDTMI"
"","","B083LNRGT4","Teacher Created Resources Assorted Bright Colors Portable Plastic Storage Caddy 6-Pack for Classrooms, Kids Room, and Office Organization, (Lime, Orange, Pink, Purple, Teal, and Yellow) 3 Compartment","Teacher Created Resources","$35.99","219","10","$7,882","01/07/2020","$17.09","4.4","123","$18.90","24,282","6","AMZ","7","Office Products","Oversize","11 x 14.5 x 10.5 in","3.45 lb","https://www.amazon.com/dp/B083LNRGT4"
"","","B0CHS5SKBN","Pencil Pocket Chart Pencil Parking Pocket Chart Pencil Dispenser Organizer Holder Nylon Fabric with Grommets and Magnetic Strip for Kids Teachers Classroom School Storage Supplies (Fresh)","Sabary","$11.99","341","14","$4,089","09/10/2023","$7.27","4.3","5","$4.72","17,198","7","FBA","1","Office Products","Standard","5.59 x 0.67 x 10.28 in","5.6 oz","https://www.amazon.com/dp/B0CHS5SKBN"
"","","B0CHFHM9T5","Colarr 12 Pack Plastic Magazine File Holder Desk Organizer Foldable File Folder for Office Classroom Organization and Storage Desktop Binder Rack for Office Classroom Supplies","Colarr","$32.99","60","3","$1,979","09/05/2023","$21.01","","","$11.98","61,303","7","FBA","1","Office Products","Standard","10 x 11.8 x 4.13 in","5.37 lb","https://www.amazon.com/dp/B0CHFHM9T5"
"","","B0B67PCFLQ","23Qt Plastic Storage Bins Organizer 3 Tier, Stackable Storage Boxes with Lids, Storage Containers for Bedroom Living Room Kitchen Study Office, Folding Storage Boxes","CTSNSLH","$32.99","9,442","314","$311,492","08/24/2022","","4.5","1,869","","1,523","7","FBA","11","Home & Kitchen","","","","https://www.amazon.com/dp/B0B67PCFLQ"
"","","B0BQTC3629","Isaac Jacobs 3-Pack XL White Storage Bin (13.9 x 10.6 x 5.75) Set w/Cut-Out Handles, Plastic Organizer, Multi-Use, Home, Office, Pantry, Closet, Kitchen","Isaac Jacobs International","$34.99","94","1","$3,289","12/20/2022","","4.5","2","","159,019","6","FBA","2","Kitchen & Dining","","","","https://www.amazon.com/dp/B0BQTC3629"
"","","B0BXXK6JF5","Mavivegue Book Shelf, 12 Cube Storage Organizer, DIY Bookcase, Metal Bookshelf,Tall Book case for Bedroom, Living Room,Office,Closet , Black Cubicle Rack","Mavivegue","$39.99","5,048","182","$201,870","03/08/2023","","4","952","","3,532","7","FBA","1","Home & Kitchen","","","","https://www.amazon.com/dp/B0BXXK6JF5"
"","","B0B1M6ML2J","WOWBOX 25 PCS Clear Plastic Drawer Organizer Set, 4 Sizes Desk Drawer Divider Organizers and Storage Bins for Makeup, Jewelry, Gadgets for Kitchen, Bedroom, Bathroom, Office","WOWBOX","$25.99","43,381","1,168","$1.13M","06/24/2022","$15.36","4.5","6,517","$10.63","123","6","FBA","7","Home & Kitchen","Standard","7.48 x 9.37 x 6.26 in","4.341 lb","https://www.amazon.com/dp/B0B1M6ML2J"
"","","B0C6LXBWQF","TOOLF Rolling Storage Cart with 6 Drawers,Utility Cart with Drawers and Wooden Tabletop,Storage Dresser for Bedroom,Tall Nightstand for Dorm with Large Capacity,Brown","TOOLF","$75.99","448","8","$34,044","05/29/2023","","4.2","150","","27,784","7","FBA","2","Office Products","","","","https://www.amazon.com/dp/B0C6LXBWQF"
"","","B08PBFKGJG","Marbrasse 6 Tier Paper Organizer Letter Tray - Mesh Desk File Organizer with Handle, Paper Sorter Organizer for Letter/A4 Office File Folder Holder - Black","Marbrasse","$21.99","9,550","343","$210,004","11/29/2020","$11.66","4.7","2,881","$10.33","385","6","FBA","2","Office Products","Standard","13.937 x 17.323 x 3.228 in","5.739 lb","https://www.amazon.com/dp/B08PBFKGJG"
"","","B074NHRZQX","Furinno Luder Bookcase / Book / Storage , 3-Tier, White","Furinno","$22.35","43,298","1,325","$967,710","08/07/2017","$4.84","4.2","85,181","$17.51","93","5","AMZ","15","Home & Kitchen","Oversize","11.5 x 34 x 2.5 in","14.8 lb","https://www.amazon.com/dp/B074NHRZQX"
"","","B07R54L3XZ","Storex Letter Size Deep Storage Tray  Organizer Bin with Non-Snap Lid for Classroom, Office and Home, Black, 5-Pack (62543U05C)","Storex","$42.98","23","1","$988.54","04/29/2019","$23.03","4.4","88","$19.95","123,579","6","AMZ","1","Office Products","Oversize","10.9 x 12.36 x 13.4 in","6.04 lb","https://www.amazon.com/dp/B07R54L3XZ"
"","","B0BRN4LTS5","SNTD 3 Tier Rolling Cart with Wheels - Utility Storage Cart with Drawer and Wood Top, Metal Art Cart for Kitchen, Office, Classroom (White)","SNTD","$44.99","364","10","$16,376","01/03/2023","","4.6","127","","24,281","6","FBA","30","Office Products","","","","https://www.amazon.com/dp/B0BRN4LTS5"
"","","B09JFVW4SQ","Lawei 9 Pack Plastic Storage Baskets, 10.5 x 7.1 x 5.5 Inch Weave Storage Bins with Handle, Plastic Shelf Organizer Basket for Home Cabinet, Pantry Storage Bins for Toys, Classroom, 3 Colors","Lawei","$26.99","72","1","$1,943","10/13/2021","$15.31","4.5","78","$11.68","523,241","6","FBA","1","Home & Kitchen","Standard","11.5 x 12.2 x 7.68 in","2.381 lb","https://www.amazon.com/dp/B09JFVW4SQ"
"","","B09R1V45Y6","Sywhitta 3-Tier Plastic Rolling Utility Cart with Handle, Multi-Functional Storage Trolley for Office, Living Room, Kitchen, Movable Storage Organizer with Wheels, Black","Sywhitta","$25.97","22,053","671","$572,716","01/23/2022","$14.74","4.3","7,337","$11.23","120","7","FBA","2","Office Products","Standard","12.008 x 16.654 x 4.764 in","3.556 lb","https://www.amazon.com/dp/B09R1V45Y6"
"","","B0C18DG2TD","Oterri File Organizer, Small Storage Box, Cardboard File Folder Organizer, Collapsible File Box, Hanging File Organizer for Letter Size, Portable File Box with Handle, Only BoxWhite2 Packs","Oterri","$9.99","4,923","183","$49,181","05/07/2023","","4.5","362","","987","6","FBA","1","Office Products","","","","https://www.amazon.com/dp/B0C18DG2TD"
"","","B0BDQ1STWR","10 Pcs Flat Storage Tray Organizer Bin Letter Size Paper Trays for Classroom Art Activity Plastic Tray Stackable File Paper Tray Organizer for School Office Teacher Book Organization (Multicolor)","Hoteam","$38.99","151","5","$5,887","09/08/2022","","4","31","","41,147","6","FBA","1","Office Products","","","","https://www.amazon.com/dp/B0BDQ1STWR"
"","","B0C3R4XSPW","Harloon 72 Pieces Pencil Tray Pencil Holder for Desks Plastic Kids Pencil Basket Colorful Organizer Book Bins for Classroom Supplies","Harloon","$25.99","","","$0.00","04/26/2023","$7.45","5","1","$18.54","227,362","7","FBA","1","Office Products","Oversize","12 x 10 x 18.5 in","6.89 lb","https://www.amazon.com/dp/B0C3R4XSPW"
"","","B0CJX5FPD8","Neatsure Acrylic Magnetic Dry Erase Marker Holder, Magnetic Pen Pencil Cup Holder Organizer for Whiteboard, Fridge, Locker - Clear","Neatsure","$16.99","360","12","$6,116","09/26/2023","$9.92","","","$7.07","20,376","7","FBA","1","Office Products","Standard","4.8 x 2.36 x 7.8 in","12.3 oz","https://www.amazon.com/dp/B0CJX5FPD8"
"","","B07DFDS56H","IRIS USA 44 Drawer Stackable Storage Cabinet for Hardware Parts Crafts, 19.5-Inch W x 7-Inch D x 15.5-Inch H, Black - Small Brick Organizer Utility Chest, Scrapbook Hobby Multiple Compartment","IRIS","$31.38","7,623","205","$239,210","05/29/2018","$10.89","4.7","10,272","$20.49","316","7","AMZ","8","Arts, Crafts & Sewing","Oversize","16.5 x 20 x 8 in","7 lb","https://www.amazon.com/dp/B07DFDS56H"
"","","B0CB5843ZK","3IngSeagulls 5-Tier Rolling File Cart with Hanging File Folders, Mobile Desk File Organizer on Lockable Wheels, Wood & Mesh Paper Letter Sliding Trays Organization for Office, Home, School, Patent","3IngSeagulls","$42.29","563","26","$23,809","07/04/2023","","4.4","100","","9,617","7","FBA","1","Office Products","","","","https://www.amazon.com/dp/B0CB5843ZK"
"","","B07DFBSTFR","IRIS USA 5.9 Quarts Plastic Storage Container Bin with Latching Lid, 20 Pack, Nestable Box Tote Closet Game Organization Teacher Tools Art Supplies Shoe Shoebox Stackable","IRIS","$28.99","9,601","368","$278,333","05/29/2018","$7.34","4","20,029","$21.65","1,166","7","AMZ","7","Home & Kitchen","Oversize","14 x 16 x 13.8 in","8.111 lb","https://www.amazon.com/dp/B07DFBSTFR"
"","","B0B45ZH9M2","Citylife 17 QT Plastic Storage Bins Clear Storage Box with Lids Multipurpose Stackable Storage Containers for Organizing Tool, Craft, Lego, Crayon","ITYLIFE CITYLIFE","$34.97","913","44","$31,928","11/13/2022","","4.8","138","","20,457","6","FBA","3","Home & Kitchen","","","","https://www.amazon.com/dp/B0B45ZH9M2"
"","","B0B4G4X43M","HAIXIN Storage Bins with Lids, Collapsible Storage Bins, Wardrobe Closet Organizer, 19 Gal Stackable Toy Storage, Foldable Plastic Storage Container with Door, Crate for Book Storage (3 Pack)","HAIXIN","$199.99","8,624","254","$1.72M","07/28/2022","$106.22","4.5","3,496","$93.77","2,131","6","FBA","2","Home & Kitchen","Oversize","15 x 43 x 25 in","14 lb","https://www.amazon.com/dp/B0B4G4X43M"
"","","B01GIL6EU4","Amazon Basics Portable Foldable Photo Studio Box with LED Light, 1 Count (Pack of 1), Black, 25 x 30 x 25 Inches","Amazon Basics","$134.63","","","","10/10/2018","$108.08","4.5","3,988","$26.55","4,022","5","AMZ","7","Our Brands","Oversize","25.6 x 31.2 x 3.3 in","14.95 lb","https://www.amazon.com/dp/B01GIL6EU4"