"Export time:  1/29/2024, 6:06:13 PM","","ASIN","Product Name","Brand","Price","Monthly Units Sold","Daily Units Sold","Monthly Revenue","Date First Available","Net Revenue","Star Rating","Reviews","Amazon Fees","BSR","LQS","Seller Type","Sellers","Category","Product Tier","Dimensions","Weight","Link"
"","","B08VPFB5G3","Amazon Basics Mesh Desk Office Organizer, Black, 9.25' x 4.53' x 3.94'","Amazon Basics","$16.78","5,512","159","$92,491","09/24/2021","$9.74","4.7","10,102","$7.04","1,199","5","AMZ","2","Office Products","Standard","4.53 x 3.94 x 9.25 in","12.3 oz","https://www.amazon.com/dp/B08VPFB5G3"
"Mesh Desk Organizer","","B0C8LVF7Z6","SHANSVYE 4-Tier Paper Letter Tray Organizer with File Holder, Desk Organizer with Drawer and Pen Holder, Mesh Desktop Storage with Magazine Holder for Office Supplies (Black)","SHANSVYE","$19.99","217","6","$4,338","07/19/2023","$9.96","4.5","46","$10.03","40,173","6","FBA","1","Office Products","Standard","12.52 x 4.8 x 13.23 in","3.69 lb","https://www.amazon.com/dp/B0C8LVF7Z6"
"Average Monthly Sales: 1,244","","B0B59MF971","Simple Houseware SHW 6-Compartment Desktop Organizer with Drawer, Black","Simple Houseware","$14.87","117","3","$1,740","06/27/2022","$5.91","4.4","133","$8.96","74,291","5","FBA","1","Office Products","Standard","6.3 x 10.7 x 9.75 in","2.7 lb","https://www.amazon.com/dp/B0B59MF971"
"Average Revenue: $27,841","","B06ZZY3YBV","SimpleHouseware Mesh Desk Organizer with Sliding Drawer, Double Tray and 5 Stacking Sorter Sections, Black","Simple Houseware","$24.97","218","10","$5,443","04/18/2017","$13.89","4.6","10,158","$11.08","22,707","6","FBA","2","Office Products","Standard","9.4 x 6.7 x 13.4 in","4.85 lb","https://www.amazon.com/dp/B06ZZY3YBV"
"Average Price: $22.60","","B0C6QMPX37","Marbrasse Mesh Pen Holder for Desk, Desk Organizer with Drawer, Multi-Functional Pencil Organizer, Desk Organizers and Accessories for Office Art Supplies (Black)","Marbrasse","$20.99","2,183","88","$45,821","05/30/2023","","4.4","376","","2,544","7","FBA","1","Office Products","","","","https://www.amazon.com/dp/B0C6QMPX37"
"Average No. of Ratings: 2,153","","B0BBD548CF","SUPEASY Mesh Desk Organizer with File Holder, 5-Tier Paper Letter Tray Organizer with Magazine Holder, Desktop Organizer and Storage with Drawer for Office Supplies Home or School, Black","SUPEASY","$25.40","1,172","34","$29,769","08/20/2022","$6.26","4.5","589","$19.14","7,172","6","FBA","2","Office Products","Oversize","12.01 x 11.02 x 15.94 in","4 lb","https://www.amazon.com/dp/B0BBD548CF"
"Average Sales Rank: 21,064","","B0BPLMQGZ8","MPVWM Mesh Desk Organizer with File Holder, 5-Tier Paper Letter Tray Organizer with Magazine Holder, Desktop Organizer and Storage with Drawer and 2 Pen Holder for Home and Office Supplies","MPVWM","$28.99","87","4","$2,522","12/08/2022","","4.7","108","","56,400","7","FBA","1","Office Products","","","","https://www.amazon.com/dp/B0BPLMQGZ8"
"Average Rating Number: 4.6","","B07D5MKDQP","Simple Houseware Desk Organizer 3 Tray w/Sliding Drawer, Hanging File Holder and Pen Holder Accessory, Black","Simple Houseware","$24.97","373","15","$9,314","05/17/2018","$14.19","4.6","10,327","$10.78","16,150","6","FBA","2","Office Products","Standard","11.732 x 12.992 x 4.803 in","4.696 lb","https://www.amazon.com/dp/B07D5MKDQP"
"","","B01K07MYA6","SimpleHouseware 6 Trays Desktop Document Letter Tray Organizer, Black","Simple Houseware","$19.87","241","9","$4,789","08/07/2016","$10.16","4.7","6,942","$9.71","25,890","5","FBA","1","Office Products","Standard","12.4 x 15.9 x 1.8 in","4.601 lb","https://www.amazon.com/dp/B01K07MYA6"
"","","B07WFZFLH9","deli Mesh Desk Organizer Office Supplies Caddy with Pencil Holder and Storage Baskets for Desktop Accessories, 3 Compartments, Black","deli","$14.99","724","24","$10,853","08/15/2019","$9.12","4.7","3,299","$5.87","10,431","6","FBM","5","Office Products","Standard","7.087 x 9.646 x 5.118 in","0.483 lb","https://www.amazon.com/dp/B07WFZFLH9"
"","","B0968JFXXT","DALTACK 3 Tier Letter Tray Paper Organizer Mesh Metal Desk File Organizer for Home & Office, Black","DALTACK","$19.99","1,685","50","$33,683","05/30/2021","$10.56","4.6","1,023","$9.43","4,876","6","FBA","1","Office Products","Standard","10.28 x 14.17 x 2.68 in","3.351 lb","https://www.amazon.com/dp/B0968JFXXT"
"","","B01N9HQM9F","Simple Houseware Mesh Desk Organizer with Sliding Drawer, Double Tray and 5 Upright Sections, Black","Simple Houseware","$24.97","4,207","159","$105,049","12/13/2016","$8.10","4.7","33,798","$16.87","1,196","6","FBA","5","Office Products","Oversize","13 x 9 x 13.25 in","1 lb","https://www.amazon.com/dp/B01N9HQM9F"
"","","B08PBFKGJG","Marbrasse 6 Tier Paper Organizer Letter Tray - Mesh Desk File Organizer with Handle, Paper Sorter Organizer for Letter/A4 Office File Folder Holder - Black","Marbrasse","$21.99","9,550","343","$210,004","11/29/2020","$11.66","4.7","2,881","$10.33","385","6","FBA","2","Office Products","Standard","13.937 x 17.323 x 3.228 in","5.739 lb","https://www.amazon.com/dp/B08PBFKGJG"
"","","B087B69492","Amazon Basics Mesh Desk Organizer with Sliding Drawer, Double Tray and 5 Upright Sections, Black","Amazon Basics","$27.89","","","","03/15/2021","$16.68","4.4","1,336","$11.21","3,599","6","AMZ","4","Our Brands","Standard","9.4 x 13 x 6.8 in","5.249 lb","https://www.amazon.com/dp/B087B69492"
"","","B0CC8YKRV4","ideallife 5 Trays Paper Organizer with Handle, Desktop File Organizer with Paper Letter Tray, Mesh Office Supplies File Storage and Desk Organizer for Home Office (Black)","ideallife","$17.99","101","4","$1,817","07/18/2023","","4.3","36","","56,335","6","FBA","2","Office Products","","","","https://www.amazon.com/dp/B0CC8YKRV4"
"","","B09G9GY3DP","deli Desk Organizer, Plastic Desktop Organizer with Pencil Holder and Sticky Note Tray, Office Stationery Supplies Organizers Accessories Caddy, 6 Compartments, Black","deli","$13.99","587","18","$8,212","09/14/2021","$6.96","4.6","207","$7.03","13,834","6","FBA","7","Office Products","Standard","4 x 5 x 10 in","1 lb","https://www.amazon.com/dp/B09G9GY3DP"
"","","B096TF8NPR","Marbrasse 3 Tier Mesh Desk Organizer with Drawer, Multi-Functional Desk Organizers and Accessories, Paper Letter Organizer with 2 Pen Holder for Home Office Supplies - Black","Marbrasse","$24.99","1,480","43","$36,985","06/07/2021","$13.61","4.6","2,542","$11.38","5,615","7","FBA","2","Office Products","Standard","10.197 x 13.268 x 7.402 in","4.475 lb","https://www.amazon.com/dp/B096TF8NPR"
"","","B09K5927B5","Marbrasse Desk Organizer with File Holder, 5-Tier Paper Letter Tray Organizer with Drawer and 2 Pen Holder, Mesh Desktop Organizer and Storage with Magazine Holder for Office Supplies(Black)","Marbrasse","$27.99","6,558","237","$183,558","10/22/2021","$15.56","4.5","3,215","$12.43","679","7","FBA","4","Office Products","Standard","13 x 4.72 x 15.7 in","6.6 lb","https://www.amazon.com/dp/B09K5927B5"
"","","B09QKDY1YY","Supeasy 5 Tier Desk Organizer with Handle, Mesh Paper/File Organizer for Desk, Paper Tray Organizer for Office Supplies Black","SUPEASY","$19.98","5,818","264","$116,244","01/16/2022","$3.86","4.7","2,360","$16.12","581","6","FBA","4","Office Products","Oversize","12.5 x 13.5 x 9.5 in","1 lb","https://www.amazon.com/dp/B09QKDY1YY"
"","","B0CCV45WXK","Marbrasse Mesh Desk Organizer, Pen Organizer with 2 Drawer, Multi-Functional Pencil Holder for Desk, Desk Organizers and Accessories with 5 Compartments + Drawer for Office Art Supplies (Black)","Marbrasse","$13.99","1,486","30","$20,789","07/25/2023","$8.12","4.6","250","$5.87","8,229","7","FBA","1","Office Products","Standard","8 x 6.5 x 4.9 in","9.6 oz","https://www.amazon.com/dp/B0CCV45WXK"
"","","B0916QF2KQ","SimpleHouseware Desktop Document Tray Organizer with Sliding Drawer/Caddy/Hanging File Section, Black","Simple Houseware","$19.97","198","9","$3,954","03/25/2021","$9.94","4.7","147","$10.03","25,766","6","FBA","1","Office Products","Standard","12.52 x 13.3 x 4.49 in","5.71 lb","https://www.amazon.com/dp/B0916QF2KQ"
"","","B0CB8TRG5G","Banshou Desk Organizer Office Accessories,Mesh Desk Office Organizer with Drawer and 8 Compartments 8.66x 4.33x 4.05inch,For Office,Home,School,Classroom,kitchen(Black)","Banshou","$10.99","830","20","$9,122","07/07/2023","$3.60","4.7","497","$7.39","12,344","6","FBA","1","Office Products","Standard","8.65 x 4.05 x 4.33 in","1.04 lb","https://www.amazon.com/dp/B0CB8TRG5G"
"","","B0CGY67212","Martha Stewart Kerry Plastic Stackable Office Desk Drawer Organizers, 6' x 6', 4 Pack, with Gold Trim","Martha Stewart","$18.05","1,130","50","$20,397","08/29/2023","$10.20","4.7","173","$7.85","4,810","6","AMZ","1","Office Products","Standard","6 x 2 x 6 in","1.61 lb","https://www.amazon.com/dp/B0CGY67212"
"","","B0B2W3YQ2J","Marbrasse Desk Organizer with Drawer, 4-Tier Mesh Desk File Organizer with 5 Vertical File Holders and 2 Pen Holders, Multifunction Desktop Organizer","Marbrasse","$29.99","1,854","54","$55,601","05/31/2022","$18.16","4.4","1,199","$11.83","4,411","7","FBA","2","Office Products","Standard","10.2 x 14.17 x 5.63 in","6.219 lb","https://www.amazon.com/dp/B0B2W3YQ2J"
"","","B0B49D7NPX","Samstar Paper Tray Organizer, Mesh Desk Organizer with 5 Tier Letter Tray File Rack Shelves,1 Extra Vertical Magazine File Holder and Pen Holder, Black","samstar","$24.97","1,006","16","$25,120","06/15/2022","$13.89","4.7","383","$11.08","15,717","6","FBA","1","Office Products","Standard","13.5 x 14.37 x 3.46 in","6.061 lb","https://www.amazon.com/dp/B0B49D7NPX"
"","","B07B3NDQ86","Samstar Desk File Organizer, Mesh Letter File Folder Holder with 3 Paper Trays and 2 Vertical Upright Section, Black.","samstar","$22.87","936","39","$21,406","06/17/2017","$13.01","4.6","1,813","$9.86","6,292","6","FBA","1","Office Products","Standard","12.087 x 13.583 x 2.677 in","3.413 lb","https://www.amazon.com/dp/B07B3NDQ86"
"","","B0BNPPS85F","Lavatino Desk Organizers with Drawer, 5-Tier Mesh Desk File Organizer with 5 Vertical File Sorter and Pen Holder, Multifunction Desktop Organizer, Desk Organizers and Accessories for Home Office","Lavatino","$28.99","570","19","$16,524","11/30/2022","","4.6","632","","12,866","7","FBA","1","Office Products","","","","https://www.amazon.com/dp/B0BNPPS85F"
"","","B0BHPP98SH","DALTACK Paper Desk Organizer, 3-Tier Letter Tray with 5 Vertical File Holders, Multifunction Desk Organizer, Desktop File Folder Organizer, Desk Organizers and Accessories for Home Office, Black","DALTACK","$27.99","423","13","$11,840","10/07/2022","","4.6","202","","18,424","6","FBA","1","Office Products","","","","https://www.amazon.com/dp/B0BHPP98SH"
"","","B0BZ4396D5","OPNICE Desk Organizers and Accessories, Desk Organizer with Drawer, 4-Tier Paper Tray Organizer with 2 Pen Holders + File Holder, Office Desk Accessories for Office Supplies(Rose Gold)","OPNICE","$26.99","4,495","223","$121,320","04/24/2023","$14.00","4.5","541","$12.99","744","6","FBA","3","Office Products","Oversize","16.13 x 9.05 x 9.44 in","1.6 oz","https://www.amazon.com/dp/B0BZ4396D5"
"","","B08DYCSKFQ","EASEPRES Paper Organizer Tray, 3 Tier Mesh Desk File Organizer Letter Sorter Holder for Home Office, Black","EASEPRES","$19.99","970","37","$19,390","07/29/2020","$11.20","4.4","761","$8.79","6,708","6","FBA","1","Office Products","Standard","9.449 x 14.134 x 2.48 in","2.91 lb","https://www.amazon.com/dp/B08DYCSKFQ"
"","","B0C7QX8N3F","GALASALA Mesh Desk Organizer, 5 Tier Paper Letter Tray with Extra Vertical File Sorter, Sliding Drawer and Pen Holders for Desk Accessories Office Supplies, Black","GALASALA","$32.99","258","6","$8,511","07/17/2023","","4.6","546","","38,567","7","FBA","1","Office Products","","","","https://www.amazon.com/dp/B0C7QX8N3F"
"","","B0C6F1VFWG","lemonsea Desk Organizers with File Holder, 5-Tier Paper Organizer Letter Tray with Sliding Drawers and Extra Pen Holder, Mesh Desktop File Organizer for School Office Supplies, Black.","lemonsea","$31.99","191","4","$6,110","06/27/2023","$13.31","4.7","224","$18.68","53,013","7","FBA","1","Office Products","Oversize","12 x 11.6 x 13 in","5.7 lb","https://www.amazon.com/dp/B0C6F1VFWG"
"","","B0BLMRMXLX","4 Tier Desk Organizer with Vertical File Racks, Office Organization Storage with Drawer and 2 Pen Holder, Paper Organzier, File Organizer Desk, Mesh Desktop Organizer for Office, School, Home","Zikopomi","$27.99","1,581","42","$44,252","11/06/2022","","4.5","354","","5,874","7","FBA","3","Office Products","","","","https://www.amazon.com/dp/B0BLMRMXLX"
"","","B0CCDJQ7MM","Marbrasse Expandable Desk Drawer Organizer, Mesh Drawer Organizer Tray with 10 Adjustable Compartments, Desk Organizers and Accessories, 5 Dividers Drawer for Office Supplies, Makeup & Vanity (Black)","Marbrasse","$20.99","1,969","29","$41,329","07/19/2023","$11.41","4.5","84","$9.58","8,634","7","FBA","1","Office Products","Standard","12.12 x 2.52 x 17.17 in","2.35 lb","https://www.amazon.com/dp/B0CCDJQ7MM"
"","","B000GR80L8","Safco, Onyx Desk Organizer with 6 Vertical & 2 Horizontal Trays , File Organizer for Home, Office, Classroom & More, Steel Mesh Construction","Safco","$44.15","650","16","$28,698","07/25/2005","$22.51","4.8","5,461","$21.64","14,897","6","AMZ","57","Office Products","Oversize","13.34 x 12.14 x 13.78 in","10 lb","https://www.amazon.com/dp/B000GR80L8"
"","","B08FM9ZD2M","Marbrasse 4-Trays Desktop File Organizer with Pen Holder | Paper Letter Tray with Drawer and 2 Pen Holder | Mesh Office Supplies Desk Organizer for Home Office (Black)","Marbrasse","$24.99","1,081","41","$27,014","08/10/2020","$14.51","4.5","3,546","$10.48","5,931","6","FBA","7","Office Products","Standard","9.646 x 4.528 x 13.583 in","4.784 lb","https://www.amazon.com/dp/B08FM9ZD2M"
"","","B07ZH55QXH","MaxGear Mesh Desk Organizer, Desktop Organizer with Drawer, Office Supplies Multi-Functional Caddy, Metal Stationary Black Desk Caddy, 6 Compartments, 8.7 x 5.5 x 5 inch, 1 Pack","MaxGear","$9.99","568","33","$5,674","10/22/2019","$2.70","4.7","2,781","$7.29","7,589","6","FBA","8","Office Products","Standard","6.1 x 9.3 x 5.7 in","1.64 lb","https://www.amazon.com/dp/B07ZH55QXH"
"","","B0BRWFXL2X","Egepon Office Desk Organizer with Upright File Holder, 4-Tier Mesh Letter Paper Tray Organizer with Multi-Functional Pen Holder and Sliding Drawer Office Supplies for Home Office School","Egepon","$34.99","141","4","$4,934","01/07/2023","","4.5","269","","48,021","6","FBA","5","Office Products","","","","https://www.amazon.com/dp/B0BRWFXL2X"
"","","B0B5XCS7HK","Simple Trending Mesh Desk Organizer with Sliding Drawer, Double Tray with 5 Sections File Bookshelf, Black","Simple Trending","$19.98","476","17","$9,510","07/05/2022","$2.07","4.6","420","$17.91","14,313","7","FBA","1","Office Products","Oversize","9.25 x 15.25 x 13.25 in","4 lb","https://www.amazon.com/dp/B0B5XCS7HK"
"","","B082877PSC","1InTheOffice Mesh Collection Desk Drawer Organizer Tray 3 Compartment - Stackable, Matte Black","1InTheOffice","$21.99","113","4","$2,485","01/17/2017","$13.55","4.7","281","$8.44","50,888","6","FBA","1","Office Products","Standard","5.09 x 4.33 x 8.4 in","1 lb","https://www.amazon.com/dp/B082877PSC"
"","","B07SWQMW5X","1InTheOffice 3 Tiers File Folder Organizer, Desk Sorter, Black Mesh","1InTheOffice","$22.89","140","6","$3,205","06/06/2019","$14.94","4.6","619","$7.95","40,279","6","FBA","1","Office Products","Standard","5 x 3 x 8 in","16 oz","https://www.amazon.com/dp/B07SWQMW5X"
"","","B09Q2PG8ZF","SETTFRFE 4-Tier Letter Tray Desk Organizer, Mesh File Stackable Paper Tray Organizer for Desk, Desktop Paper Sorter Literature Organizer Rack for Home, Office, School, Black.","SETTFRFE","$27.95","347","12","$9,699","01/09/2022","$17.03","4.4","119","$10.92","20,747","6","FBA","1","Office Products","Standard","10.984 x 14.488 x 4.252 in","3.841 lb","https://www.amazon.com/dp/B09Q2PG8ZF"
"","","B09VGCK8ZT","Mesh Pen Holder, Desk Organizer for Desk Pencil Holder with 8 Compartments and 1 Drawer Desk Supplies for Office Home 1 PC","Lechay","$9.99","269","8","$2,687","03/13/2022","$3.35","4.7","84","$6.64","28,385","7","FBA","1","Office Products","Standard","4.69 x 4.45 x 8.82 in","1.04 lb","https://www.amazon.com/dp/B09VGCK8ZT"
"","","B07ZJ6P9JG","Marbrasse Mesh Desk Organizer, Multi-Functional Pen Holder, Desktop Stationary Organizer, Storage Rack for School Home Office Art Supplies (Mesh Pen Holder)","Marbrasse","$17.99","1,245","35","$22,398","10/23/2019","$9.50","4.8","7,607","$8.49","7,124","7","FBA","1","Office Products","Standard","8.504 x 10.709 x 4.252 in","1.801 lb","https://www.amazon.com/dp/B07ZJ6P9JG"
"","","B08R1DTPYK","Delifox 8-Tier Paper Letter Tray Organizer for Desk, Mesh File Holder Organization Document Storage for School Office Home","Delifox","$27.99","229","7","$6,410","12/18/2020","$17.06","4.6","329","$10.93","32,558","6","FBA","1","Office Products","Standard","13.347 x 13.661 x 3.15 in","4.136 lb","https://www.amazon.com/dp/B08R1DTPYK"
"","","B08W511SDF","MYYZMY Mesh Desk Organizer,Desktop Organizer Metal Office Supplies Caddy with Pencil Holder and Storage Baskets for Desk Accessories, 3 Compartments Black","MYYZMY","$9.99","90","3","$899.10","02/07/2021","$4.87","4.6","154","$5.12","69,061","7","FBA","1","Office Products","Standard","4.37 x 8.268 x 4.291 in","0.582 lb","https://www.amazon.com/dp/B08W511SDF"
"","","B0C18QZD28","GDINDINFAN 5-Tier Letter Tray Paper Organizer with Handle, Mesh Desk File Organizer Paper Sorter Holder Desktop Document Shelf Storage Organization for Office, Home or School, Black","GDINDINFAN","$19.59","462","12","$9,051","05/31/2023","","4.2","70","","19,762","6","FBA","1","Office Products","","","","https://www.amazon.com/dp/B0C18QZD28"
"","","B083J8267Z","Marbrasse Mesh Desk Organizer, 360-Degree Rotating Multi-Functional Pen Holder, 4 Compartments Desktop Stationary Organizer, Home Office Art Supply Storage Box Caddy (Black)","Marbrasse","$16.99","687","24","$11,672","01/05/2020","$8.01","4.7","2,980","$8.98","10,268","7","FBA","4","Office Products","Standard","7.4 x 9.9 x 6.28 in","1.94 lb","https://www.amazon.com/dp/B083J8267Z"
"","","B0BP18NB3D","DALTACK 9-Tier Paper Letter Tray Desk Organizer with Handles, Mesh File Holder Organization, Paper Sorter Desk Organizer for Office Home School,Black","DALTACK","$28.99","1,373","46","$39,803","12/04/2022","","4.7","475","","5,316","6","FBA","3","Office Products","","","","https://www.amazon.com/dp/B0BP18NB3D"
"","","B09L62YVGX","VyGrow Desk Drawer Organizer Tray, Metal Mesh Drawer Organizers Office, 6 Adjustable Compartment, Desk Organizer Tray for Home Office 12.87x8.85x1.96 inch, Black, 1 Pack","VyGrow","$15.99","771","23","$12,328","11/05/2021","$7.80","4.7","620","$8.19","10,562","7","FBA","1","Office Products","Standard","9.45 x 2.7 x 13.78 in","1.2 lb","https://www.amazon.com/dp/B09L62YVGX"
"","","B0BH3HJ6GM","Slimry Design Desk File Organizer Vertical 5 Tier Black Metal Mesh Desktop Organizer, Office Organization File Holder for Documents and Desk Accessories,","Slimry Design","$30.99","150","5","$4,649","10/01/2022","","4.6","37","","41,206","","FBA","1","Office Products","","","","https://www.amazon.com/dp/B0BH3HJ6GM"
"","","B09LSYKLFX","Simple Trending Mesh Desktop File Sorter Organizer, 5-Section Bookshelf for Desk Home Office, Black","Simple Trending","$17.97","2,283","74","$41,026","11/13/2021","$10.13","4.7","740","$7.84","3,133","6","FBA","1","Office Products","Standard","8.543 x 9.567 x 2.362 in","1.784 lb","https://www.amazon.com/dp/B09LSYKLFX"
"","","B08BX6MLM7","Pipishell Desk Organizer Mesh Desktop Office Supplies Multi-functional Caddy Pen Holder Stationery with 8 Compartments and 1 Drawer for Home, School, Classroom","Pipishell","$11.89","720","26","$8,561","06/25/2020","$4.65","4.7","2,259","$7.24","9,517","7","FBA","2","Office Products","Standard","4.961 x 9.055 x 4.921 in","1.102 lb","https://www.amazon.com/dp/B08BX6MLM7"
"","","B01HNZLV5M","EasyPAG Mesh Desk Supplies Organizer with 3 Drawer Office Desktop Organizers and Accessories Stationery Caddy,Black","EasyPAG","$14.99","318","10","$4,767","06/27/2016","$7.60","4.7","661","$7.39","23,685","6","FBA","1","Office Products","Standard","4.8 x 7.75 x 5 in","1.43 lb","https://www.amazon.com/dp/B01HNZLV5M"
"","","B0C4T87YHQ","8-Tier Paper Organizer Letter Tray with Handle,OutWolf Mesh Desk File Document Organizer with 8 Tier Shelves and Sorter, Black","OUTWOLF","$19.97","738","36","$14,738","06/19/2023","","4.8","48","","6,944","6","FBA","1","Office Products","","","","https://www.amazon.com/dp/B0C4T87YHQ"
"","","B0C858K3R7","10-Tier Desktop File Sorter Desk Organizer Letter Tray Paper Organizer for Desk, Mesh Desk File Holder Storage Organization for Home Office School","Kuntine.B","$29.99","242","9","$7,258","06/14/2023","","4.6","36","","26,851","6","FBA","1","Office Products","","","","https://www.amazon.com/dp/B0C858K3R7"
"","","B07VZNMNH9","Amazon Basics Desk Drawer Organizer for Office and Home, Metal Mesh, 6 Compartments, Black","Amazon Basics","$16.50","","","","10/30/2019","$9.51","4.7","1,590","$6.99","1,892","6","AMZ","5","Our Brands","Standard","2.2 x 11.97 x 14.45 in","14.1 oz","https://www.amazon.com/dp/B07VZNMNH9"
"","","B07S1BXDYJ","Lorell Black Mesh/Wire Desktop Organizer, 15.8' x 12.9' x 14.4'","Lorell","$43.81","90","3","$3,943","05/16/2019","$22.77","4.6","241","$21.04","61,437","4","AMZ","22","Office Products","Oversize","12.9 x 15.8 x 14.4 in","6 lb","https://www.amazon.com/dp/B07S1BXDYJ"
"","","B083BNQFXD","Mind Reader Vertical File Storage, Desktop Organizer, Mail Sorter, Office, Metal Mesh, 11.14' L x 7.28' W x 11.22' H, Black","Mind Reader","$22.11","38","2","$840.18","12/29/2019","$11.06","4.5","100","$11.05","93,152","5","AMZ","1","Office Products","Standard","11.25 x 11.5 x 7.75 in","3.1 lb","https://www.amazon.com/dp/B083BNQFXD"
"","","B08B8N7S8X","EASEPRES Mesh File Organizer Desktop, File Folder Holder Desk Organizer with 3 Paper Letter Tray and 1 Vertical Upright Compartment, Black","EASEPRES","$22.95","185","5","$4,246","06/15/2020","$14.99","4.5","355","$7.96","43,890","6","FBA","1","Office Products","Standard","13.35 x 2.32 x 13.46 in","16 oz","https://www.amazon.com/dp/B08B8N7S8X"