"Export time:  2/8/2024, 9:58:51 PM","","ASIN","Product Name","Brand","Price","Monthly Units Sold","Daily Units Sold","Monthly Revenue","Date First Available","Net Revenue","Star Rating","Reviews","Amazon Fees","BSR","LQS","Seller Type","Sellers","Category","Product Tier","Dimensions","Weight","Link"
"","","B0BT73TJ6K","LINENMATE Twin/Full Size (Ivory 2-Pack) - The Original 2-Pack Linen Storage Container with Sheet-Folding Assisted Panels | Bed Sheets | Duvet Covers | Pillowcases | Towels","LINENMATE","$54.97","921","20","$50,627","01/25/2023","","4.5","176","","47,053","6","FBA","1","Home & Kitchen","","","","https://www.amazon.com/dp/B0BT73TJ6K"
"linen organizer","","B0C9QBRQB4","SpaceAid 4 Pack Bed Sheet Organizers and Storage, Foldable Sheet Organizer for Linen Closet, Sheets Set Folder Keeper with Window XL (Queen & King Size) Organizing Bedding Container, Gray","SpaceAid","$39.98","6,751","176","$269,905","06/28/2023","","4.6","258","","3,702","6","FBA","2","Home & Kitchen","","","","https://www.amazon.com/dp/B0C9QBRQB4"
"Average Monthly Sales: 2,032","","B0CKWYH31S","MTGSTOCL Foldable Bed Sheet Organizer, Sheet Organizer for Linen Closet, Sheet Organizers and Storage for Bedding, Duvet Cover Set, Blantkets, Pillowcases (2 Pack)","MTGSTOCL","$45.69","90","3","$4,112","10/12/2023","","4","1","","249,938","","FBA","1","Home & Kitchen","","","","https://www.amazon.com/dp/B0CKWYH31S"
"Average Revenue: $54,729","","B0CM37V25J","GODELAIF Bed Sheet Organizer and Storage, Foldable Sheet Set Organizer for Twin/Full/Queen/King Size, Linen Closet Organizers and Storage with Handle for Sheet Set Bedding Clothes Blanket","GODELAIF","$24.99","293","6","$7,322","10/29/2023","","4.8","87","","143,033","7","FBA","1","Home & Kitchen","","","","https://www.amazon.com/dp/B0CM37V25J"
"Average Price: $35.03","","B0CJJHLSXQ","BigPonPon 3-Pack Foldable Bed Sheets Set Organizers and Storage(King & Queen Size),Linen Fabric Closet Organizers with Window,Folding Bedding Storage Box for Bedsheets and Pillow Cube Organizer","BigPonPon","$29.77","1,966","96","$58,528","09/20/2023","$17.97","4.6","67","$11.80","8,287","7","FBA","1","Home & Kitchen","Standard","12.5 x 4.7 x 15 in","5.13 lb","https://www.amazon.com/dp/B0CJJHLSXQ"
"Average No. of Ratings: 1,281","","B0C1BK6DCP","SheetCube Bed Sheet Organizers and Storage 6 Pack, Foldable Linen Closet Organizer with Window and Label, Bedding Folder Storage Box Container for Blanket, Duvet Cover Set, Bed Sheet Set - Beige","SUOCO","$49.99","2,284","33","$114,177","06/05/2023","$34.56","4.4","167","$15.43","27,912","7","FBA","2","Home & Kitchen","Standard","12.68 x 4.17 x 15.35 in","8.9 lb","https://www.amazon.com/dp/B0C1BK6DCP"
"Average Sales Rank: 189,651","","B0CG1BKS67","MSERCUOR Bed Sheet Organizers and Storage Morocco Style [4 Pack/20L] Larger Sheet Folder Organizer for Duvet Cover Set(Queen or King Size), Bedsheet Organizers for Bedding Clothes Blankets, Grey","MSERCUOR","$38.89","474","7","$18,434","08/18/2023","","4.8","70","","124,664","7","FBA","2","Home & Kitchen","","","","https://www.amazon.com/dp/B0CG1BKS67"
"Average Rating Number: 4.6","","B0CF5DJ67N","DELLAN Bed Sheet Organizer, Linen Closet Organizers and Storage, Foldable Cube Sheet Set Organizer (4 Pack)","DELLAN","$39.99","568","15","$22,714","08/08/2023","","4.7","45","","63,265","6","FBA","1","Home & Kitchen","","","","https://www.amazon.com/dp/B0CF5DJ67N"
"","","B0CD34HX6G","Yermivie 4 Pieces Bed Sheet Organizer Bands, Sheet Organizers and Storage Label Bands, Sheet Label for Bedding, Sheets Organizer for Closet,Sheet Keepers Linen Labels Bedding Bands (4Pcs King)","Yermivie","$12.99","2,070","27","$26,889","08/09/2023","","4.5","44","","35,272","7","FBA","1","Home & Kitchen","","","","https://www.amazon.com/dp/B0CD34HX6G"
"","","B0CH2XNB9C","PHINOX Bed Sheet Organizers and Storage, 4-Pack Sheet Storage Organizer for Linen Closet, Foldable Sheet Set Organizer Zippers for Queen&King Sheets","PHINOX","$33.99","210","7","$7,138","08/31/2023","","4.6","61","","134,666","7","FBA","1","Home & Kitchen","","","","https://www.amazon.com/dp/B0CH2XNB9C"
"","","B0C5WL6CFL","KIMBORA Foldable Bed Sheet Organizer and Storage, 3 Pack King Size Sheet Set Organizer for Linen Closet With Clear PVC Sheet Storage for Bedding Sheets, Duvet Covers and Pillow cases","KIMBORA","$23.99","767","14","$18,400","05/21/2023","$13.06","4.3","127","$10.93","68,375","7","FBA","2","Home & Kitchen","Standard","4.5 x 13 x 15 in","1 lb","https://www.amazon.com/dp/B0C5WL6CFL"
"","","B0C9PL48DM","BIKTIC SheetCube Bed Sheet Organizers and Storage,4 Pack Sheet Folder Organizer (Queen or King Size), Linen Closet Organizer for Bedding Sheets,Duvet Covers and Pillow cases,Grey","BIKTIC","$39.99","1,423","51","$56,906","07/31/2023","","4.8","372","","17,530","7","FBA","4","Home & Kitchen","","","","https://www.amazon.com/dp/B0C9PL48DM"
"","","B0C16JFJJN","SheetCube 4 Pack Bed Sheet Organizers and Storage, Foldable Bedding Storage Box Container with Window and Label, Linen Closet Organizer Folder for Blanket, Duvet Cover Set, Bed Sheet Set - Grey","SUOCO","$25.49","1,646","70","$41,957","06/05/2023","","4.2","573","","12,192","6","FBA","2","Home & Kitchen","","","","https://www.amazon.com/dp/B0C16JFJJN"
"","","B0CG4T5ZH9","SALWA - Bed Sheet Organizer - (Pack of 6, Grey) - King/Queen Bedsheet Size - Sheet Organizers and Storage - Foldable Storage Box for Bed Sheet, Duvet & Pillow Cover","Little Salwa","$49.95","","","$1,499","08/10/2023","","4.6","10","","903,565","6","FBA","1","Home & Kitchen","","","","https://www.amazon.com/dp/B0CG4T5ZH9"
"","","B0CNXF28CJ","CEDDEOS 4 Pack Bed Sheet Organizers and Storage,Foldable Sheet Organizer for Duvet Covers,Pillowcases,Linen Closet,Bedding Clothes,Blankets Folder Keeper with Zipper for Queen or King Sheets,Grey","CEDDEOS","$39.99","","","","12/29/2023","","","","","","","FBA","1","","","","","https://www.amazon.com/dp/B0CNXF28CJ"
"","","B0CJ2T4C78","StarRovelex Sheet Organizers and Storage, Bed Sheet Organizer Linen Sheet Storage 2 Pack Foldable Sheet Set Organizer for Bed Sheets Bedding Storage with Window Grey","StarRovelex","$15.99","15","","$239.85","10/21/2023","","4.4","10","","1,222,080","7","FBA","1","Home & Kitchen","","","","https://www.amazon.com/dp/B0CJ2T4C78"
"","","B0CFQV3PN8","FAGIGY Bed Sheet Organizers and Storage,Foldable Sheet Organizer for Linen Closet,sheet set organizer for Bedding Sheets,Duvet Covers and Pillow cases","FAGIGY","$21.90","30","1","$657.00","08/15/2023","","5","5","","517,596","7","FBA","1","Home & Kitchen","","","","https://www.amazon.com/dp/B0CFQV3PN8"
"","","B09W94V51Q","3 Pack Clothes Storage Bins - Foldable Metal Frame Storage Box - Stackable Linen Fabric Organizer Set with Carrying Handles and Clear Window (Beige, 15.7x11.8x11.8inch(36L))","FHSQX","$35.99","1,156","32","$41,604","06/04/2021","$24.80","4.7","1,046","$11.19","29,031","7","FBA","1","Home & Kitchen","Standard","2 x 15 x 12 in","2.205 lb","https://www.amazon.com/dp/B09W94V51Q"
"","","B0BQC3SRHC","Fordonral 4 Pack Linen Storage Bins, Storage Containers for Organizing Clothing, Jeans, Toys, Books, Shelves, Closet, Wardrobe - Closet Organizers and Storage, Large Storage Boxes Baskets with Window","Fordonral","$24.99","1,942","54","$48,531","12/15/2022","$13.31","4.7","231","$11.68","16,485","6","FBA","4","Home & Kitchen","Standard","10.63 x 6.69 x 15.75 in","1 lb","https://www.amazon.com/dp/B0BQC3SRHC"
"","","B0C9QB47R2","SpaceAid 8 Pack Bed Sheet Organizers and Storage, Foldable Sheet Organizer for Linen Closet, Sheets Set Folder Keeper with Window XL (Queen & King Size) Organizing Bedding Container, Beige","SpaceAid","$62.98","1,268","33","$79,859","06/28/2023","","4.4","131","","27,776","6","FBA","2","Home & Kitchen","","","","https://www.amazon.com/dp/B0C9QB47R2"
"","","B0CBLYJFM2","MuiiuM Bed Sheet Organizer and Storage 4 Pack (Queen or King Size), Linen Closet Organizer, Foldable Bedding Container for Duvet Cover Set, Clothes, Blankets and Pillow cases","MuiiuM","$37.99","131","3","$4,977","07/10/2023","","4.7","31","","297,661","6","FBA","1","Home & Kitchen","","","","https://www.amazon.com/dp/B0CBLYJFM2"
"","","B0CJTCKJH8","Advanvel Bed Sheet Organizers and Storage Foldable Box, Sheet Organizer for Linen Closet with 2 Windows, Zip Closed Sheet Storage Folder Cubes for Queen/King Bedding Clothes Blankets, 2 Pack Gray","Advanvel","$29.99","","","$0.00","09/27/2023","","4.7","20","","2,415,926","7","FBA","1","Home & Kitchen","","","","https://www.amazon.com/dp/B0CJTCKJH8"
"","","B0CFGRWBG9","New England Stories 4 Pack Bed Sheet Organizer, Sheet Set Folding Box Container, Linen Closet Organizer for Bedding Sheets, Duvet Cover Set and Pillow cases (White, Circle Window)","New England Stories","$34.99","166","2","$5,808","10/04/2023","","4.5","29","","388,372","7","FBA","2","Home & Kitchen","","","","https://www.amazon.com/dp/B0CFGRWBG9"
"","","B0C9Q61MDQ","SpaceAid 6 Pack Bed Sheet Organizers and Storage, Foldable Sheet Organizer for Linen Closet, Sheets Set Folder Keeper with Window XL (Queen & King Size) Organizing Bedding Container, Black","SpaceAid","$49.98","935","36","$46,731","06/28/2023","","4.6","136","","25,663","6","FBA","3","Home & Kitchen","","","","https://www.amazon.com/dp/B0C9Q61MDQ"
"","","B0CD45XMBX","Linen Closet Organizers And Storage, 4 Pack Closet Storage Bins Linen Closet Baskets for Closet Organization Foldable Closet Organizer Bins with Clear Window For Organizing Clothing, Jeans, Shelves","Pradnel","$25.59","524","10","$13,409","07/28/2023","$15.32","4.2","80","$10.27","87,662","7","FBA","3","Home & Kitchen","Standard","8.46 x 4.72 x 10.98 in","2.25 lb","https://www.amazon.com/dp/B0CD45XMBX"
"","","B0BT74ZHXK","LINENMATE Queen/King Size (Ivory 2-Pack) - The Original 2-Pack Linen Storage Container with Sheet-Folding Assisted Panels | Bed Sheets | Duvet Covers | Pillowcases | Towels","LINENMATE","$64.97","896","20","$58,213","01/25/2023","$46.39","4.5","176","$18.58","47,053","6","FBA","6","Home & Kitchen","Standard","12 x 4 x 15 in","2.74 kg","https://www.amazon.com/dp/B0BT74ZHXK"
"","","B0CN14LHFP","BigPonPon 6 Pack Bed Sheets Organizers And Storage (King Size),Foldable Sheet Organizer With Handle For Linen Closet,Bedding Organizer Storage For Sheets, Duvet Cover (Beige","BigPonPon","$59.99","492","18","$29,515","09/20/2023","","4.5","43","","52,193","7","FBA","2","Home & Kitchen","","","","https://www.amazon.com/dp/B0CN14LHFP"
"","","B085ZV98JM","90L Large Storage Bags, 6 Pack Clothes Storage Bins Foldable Closet Organizers Storage Containers with Durable Handle for Clothing, Blanket, Comforters, Bed Sheets, Pillows and Toys (Gray)","Budding Joy","$24.99","39,946","974","$998,251","03/16/2020","$13.31","4.3","45,081","$11.68","182","6","FBA","4","Home & Kitchen","Standard","11.54 x 14.45 x 6.77 in","2.69 lb","https://www.amazon.com/dp/B085ZV98JM"
"","","B0C4LFRYDR","GZOOGHOME 4 Pack Bed Sheet Organizers and Storage, Sheet Folder Organizer for Linen Closet, Foldable Sheets Set Keeper XL (Queen or King Size) Organizing Bedding Container (Circle Window, Black)","GZOOGHOME","$39.99","787","20","$31,472","05/07/2023","$26.66","4.2","147","$13.33","47,018","7","FBA","2","Home & Kitchen","Standard","4.5 x 12.8 x 15 in","3.1 lb","https://www.amazon.com/dp/B0C4LFRYDR"
"","","B0BR7MSWN2","homsorout Trapezoid Storage Bins, Foldable Closet Organization , Closet Storage Organizer for Shelves, Linen Closet Organizers and Storage for Toy, Clothes, 6 Packs (Blended)","homsorout","$39.99","1,470","37","$58,785","12/27/2022","","4.6","345","","25,192","6","FBA","1","Home & Kitchen","","","","https://www.amazon.com/dp/B0BR7MSWN2"
"","","B0CJF6N9BT","KAKALGAME Bed Sheet Organizer for Linen Closet Organizers and Storage, 4 Pack (Queen or King Size) Foldable Sheet Storage Box for Bedding Clothes Blankets Duvet Cover Set - Grey","KAKALGAME","$35.99","193","9","$6,946","09/19/2023","","4.6","55","","105,061","6","FBA","1","Home & Kitchen","","","","https://www.amazon.com/dp/B0CJF6N9BT"
"","","B07VNPVMJM","SGHUO 4 Pack Blanket Storage Bags with Zipper, Foldable Comforter Bag, Large Organizers for Blankets, Pillow, Quilts, Linen, Containers Thick Fabric, Sturdy Grey, 90L","SGHUO","$16.99","405","12","$6,881","07/24/2019","$8.01","4.5","9,859","$8.98","78,864","6","FBA","1","Home & Kitchen","Standard","11.42 x 13.66 x 3.39 in","1.83 lb","https://www.amazon.com/dp/B07VNPVMJM"
"","","B0B825RMNF","CTSNSLH 4 Pack Folding Closet Organizers Storage Box, Stackable Plastic Drawer Basket for Clothing(White)","CTSNSLH","$37.99","3,914","80","$148,693","07/28/2022","","4.4","786","","10,439","7","FBA","6","Home & Kitchen","","","","https://www.amazon.com/dp/B0B825RMNF"
"","","B09F32F4TR","Bagnizer Large 22 Quart Linen Fabric Foldable Storage Bin Cube Organizer Basket with Flip-Top Lid & Handles, Clothes Blanket Box for Home, Office, Closet, Gray, 4 Pack 14.6 x 9.5 x 9.5","Bagnizer","$23.99","4,118","148","$98,791","08/30/2021","","4.6","983","","4,709","7","FBA","5","Home & Kitchen","","","","https://www.amazon.com/dp/B09F32F4TR"
"","","B0CCJ8JF5G","Kigley 8 Pcs Linen Closet Organizers and Storage Foldable Clothing Bins Large Foldable Box with Window Storage Baskets for Closet Shelf Clothes Jeans Toys Organization, Beige","Kigley","$31.99","286","7","$9,149","07/20/2023","$20.16","4.5","4","$11.83","121,363","7","FBA","30","Home & Kitchen","Standard","10.91 x 4.41 x 15.79 in","5.04 lb","https://www.amazon.com/dp/B0CCJ8JF5G"
"","","B0CGNPZVG5","SpaceAid 5 Pack Bed Sheet Organizers and Storage, Foldable Sheet Organizer for Linen Closet, Sheets Set Folder Keeper with Window XL (Queen & King Size) Organizing Bedding Container, White","SpaceAid","$46.98","","","","08/25/2023","","4.8","31","","","6","FBA","1","","","","","https://www.amazon.com/dp/B0CGNPZVG5"
"","","B0BZYX9GTS","zjdbset 20 PiecesBed Sheet Organizer Bands Bed Sheet Keepers Closet Organization ElasticLinen Labels for Bed Sheet Sets(Queen,King,Full,Twin)","zjdbset","$17.99","2,263","66","$40,711","04/30/2023","","4.5","82","","13,114","6","FBA","2","Home & Kitchen","","","","https://www.amazon.com/dp/B0BZYX9GTS"
"","","B0BZYDFLGY","Bed Sheet Organizer and Storage Size Label Bands | Sheets Set Organizers for Linen Closet - Labeled Elastic Bedding Sheet Keepers Straps for Organizing Foldable Bedsheet Sets (Twin 4PCs Pack | White)","ECOHomes","$12.99","10,737","286","$139,474","11/02/2022","","4.6","409","","1,774","7","FBA","1","Home & Kitchen","","","","https://www.amazon.com/dp/B0BZYDFLGY"
"","","B0C9X6TM6T","chinensis 6 Pack Sheet organizer,Bed Sheet Storage,Folding Organizers for Bed Sheets,Sheet Storage Organizer,Sheet Set Organizer,Sheet Storage for Closet,Grey","chinensis","$69.99","350","5","$24,497","07/02/2023","","4.7","68","","173,191","7","FBA","3","Home & Kitchen","","","","https://www.amazon.com/dp/B0C9X6TM6T"
"","","B0C9D8CQ38","Furnhome 3 Pack Bed Sheet Organizers and Storage, Sheet Organizer for Linen Closet, Foldable Sheet Set Organizer, Sheet Storage Cube for Beding Sheets, Duvet Covers and Pillowcases","Furnhome","$32.99","203","4","$6,697","06/25/2023","","4.5","70","","217,630","7","FBA","1","Home & Kitchen","","","","https://www.amazon.com/dp/B0C9D8CQ38"
"","","B08JPVWLB8","WISELIFE Storage Bags [3 Pack/100L] Large Blanket Clothes Organization and Storage Containers for Comforters,Bedding, Foldable Organizer with Reinforced Handle, Clear Window, Sturdy Zippers,Gray","WISELIFE","$19.99","5,507","145","$110,085","11/25/2020","$10.56","4.6","10,711","$9.43","4,837","7","FBA","1","Home & Kitchen","Standard","11.614 x 11.89 x 3.976 in","1.636 lb","https://www.amazon.com/dp/B08JPVWLB8"
"","","B09TB8WFXC","HomeHacks Storage 3-Pack Clothes Organizer Storage Bags Foldable Storage Box with Large Clear Window Sturdy Handles for Closet, Dorm, Pillows, Bedding, Clothes, Stuffed Toys, Blankets, 35L, Grey","HomeHacks","$11.99","4,486","139","$53,787","04/09/2022","$4.40","4.4","1,185","$7.59","5,130","6","FBA","4","Home & Kitchen","Standard","9.84 x 9.92 x 3.82 in","0.86 lb","https://www.amazon.com/dp/B09TB8WFXC"
"","","B0BGHQ8D11","Yieach 4PCS Shelf Dividers,Clear Closets Shelf and Closet Separator for Organization in Bedroom,Kitchen Cabinets Shelf Storage and Office Shelves","Yieach","$17.99","1,347","47","$24,233","12/14/2022","","4.6","328","","19,302","6","FBA","1","Home & Kitchen","","","","https://www.amazon.com/dp/B0BGHQ8D11"
"","","B0CDLDW71R","Feverdes SheetCube Bed Sheet Set Organizer 4-Pack (Queen or King Size),Foldable Storage Box,Linen Closet Organizer for Bedding Sheets, Duvet Covers,Blankets and Pillow Cases (Grey)","Feverdes","$39.99","411","10","$16,436","08/02/2023","","4.4","50","","91,920","6","FBA","1","Home & Kitchen","","","","https://www.amazon.com/dp/B0CDLDW71R"
"","","B0CMJBYYYK","MLGOGO Bed Sheet Organizer 8 Pcs. Set (6+2) Foldable Linen Closet Storage Containers for King/Queen Size Sheets & 6 Elastic Bands. Bedding Storage Linen Closet Organizers w/Window & Handle (Black)","MLGOGO","$49.13","316","8","$15,525","11/02/2023","","4.7","20","","114,230","6","FBA","1","Home & Kitchen","","","","https://www.amazon.com/dp/B0CMJBYYYK"
"","","B0CHMZ2T23","Finneya Bed Sheet Organizers - 4 Pack (Queen or King Size), Foldable Sheet Cube Storage Container Linen Closet Organizers, Duvet Covers and Pillowcases Storage Box for Bedding Blankets Towels (4 PCS)","Finneya","$39.99","456","13","$18,235","09/07/2023","$26.66","4.8","33","$13.33","70,469","6","FBA","2","Home & Kitchen","Standard","13 x 4.72 x 15 in","5.38 lb","https://www.amazon.com/dp/B0CHMZ2T23"
"","","B0CLNW1M58","Koretech 4 Pack/ 2 Pack Sheet Organizers and Storage Durable Plastic King Size, Linen Closet Organizers and Storage, Bed Sheet Organizer, Linen Storage (White, 4 Pack)","Koretech","$39.99","115","1","$4,599","10/23/2023","","4.6","11","","434,645","7","FBA","1","Home & Kitchen","","","","https://www.amazon.com/dp/B0CLNW1M58"
"","","B0CJJHZS33","Bed Sheet Organizers and Storage - 4 Pack (Queen or King Size),Foldable Storage Box for Duvet Cover Set, Linen Closet Organizer for Bedding Clothes Blankets, Grey","Aokeyee","$29.99","775","39","$23,242","09/20/2023","$18.16","4.7","95","$11.83","23,262","6","FBA","1","Home & Kitchen","Standard","12.9 x 5 x 15 in","4.85 lb","https://www.amazon.com/dp/B0CJJHZS33"
"","","B0CJRLXS9H","Dobyusf Bed Sheet Organizer,Foldable Sheet Organizer and Storage for Linen Closet,Organizing Bedding Container(Queen & King Size) (4 Pack, Grey)","Dobyusf","$56.99","328","6","$18,693","09/24/2023","","4.3","18","","152,048","6","FBA","1","Home & Kitchen","","","","https://www.amazon.com/dp/B0CJRLXS9H"
"","","B0BW5SDV1M","3 Openings Clothes Storage Bins with Metal Frame, Foldable Storage Bin for Clothes, Clothing Storage Bins with Lid, Linen Storage Box With Clear Window Zippers Durable Handles.(3 Pcs,Light Grey,40L)","Furnhome","$28.79","1,676","91","$48,252","04/11/2023","","4.8","179","","8,854","7","FBA","2","Home & Kitchen","","","","https://www.amazon.com/dp/B0BW5SDV1M"
"","","B0CLCZH8FD","TRZZ Sheet Organizers and Storage, 4-Pack, Queen/King Size (Grey), Bed Sheet Organizer, Linen Closet Organizer and Storage for Bed Sheets, Duvet Covers and Pillowcases, 15' L13' W5' H","TRZZ","$39.99","494","12","$19,755","10/18/2023","","4.8","96","","78,918","6","FBA","2","Home & Kitchen","","","","https://www.amazon.com/dp/B0CLCZH8FD"
"","","B0CKL9LGRK","SortWave 4 Pack Sheet Organizers and Storage, Bed Sheet Organizer for Linen Closet, Foldable Linen Organizer for Sheets,Towels,Blankets,Duvet Covers and Pillow Cases,Black","SortWave","$35.99","168","7","$6,046","10/05/2023","","4.9","10","","122,998","6","FBA","1","Home & Kitchen","","","","https://www.amazon.com/dp/B0CKL9LGRK"
"","","B0CP94Z5JP","3 Pack Foldable Storage Organizer Bin -Clothes Storage Bins with Metal Frame Linen Fabric Storage Box with Lid Clear Window (15.7x11.8x11.8inch(Medium), Light Grey)","FHSQX","$35.99","60","3","$2,159","01/04/2024","","4.9","17","","249,733","7","FBA","1","Home & Kitchen","","","","https://www.amazon.com/dp/B0CP94Z5JP"
"","","B0CLT7YKT8","Blensix Bed Sheet Organizers and Storage (3 pack), Foldable Cube Storage Organizer for Linen Sheets Storage (King or Queen Size), Storage for Duvet Covers, and Blanket Storage - Beige","Blensix","$34.99","","","$0.00","12/11/2023","","5","8","","720,171","","FBA","","Home & Kitchen","","","","https://www.amazon.com/dp/B0CLT7YKT8"
"","","B0CHVXV55M","smusei Bed Sheet Storage Organizer 2 Pack Bedsheet Organizers Folding Linen Closet Organizers and Storage Bedding Storage for Sheet Sets, Duvet Covers, Pillowcases and Quilt Covers, Grey","smusei","$29.98","390","13","$11,692","09/11/2023","","5","2","","72,776","6","FBA","1","Home & Kitchen","","","","https://www.amazon.com/dp/B0CHVXV55M"
"","","B09X1MGKRZ","Homsorout Fabric Storage Bins with Lids, 3 Packs Storage Cubes with Window, Fabric Storage Baskets Bins for shelves, Closet Storage Boxes for Towels, Clothes, Home, Office, Blended","Homsorout","$25.99","1,849","49","$48,056","03/31/2022","$15.66","4.6","742","$10.33","18,584","7","FBA","1","Home & Kitchen","Standard","9.92 x 14.61 x 2.68 in","3.841 lb","https://www.amazon.com/dp/B09X1MGKRZ"
"","","B0C3CPKPMT","DIMJ Foldable Storage Boxes, Linen Closet Organizers and Storage, 6 Pack Closet Organizer Bins, Storage Cubes with Window, Closet Bins for Clothes, Toys, Books, Blanket (Beige)","DIMJ","$27.99","310","1","$8,677","04/23/2023","$11.81","4.7","116","$16.18","532,990","7","FBA","1","Home & Kitchen","Oversize","10.6 x 10.6 x 10.6 in","4.31 lb","https://www.amazon.com/dp/B0C3CPKPMT"
"","","B0CFXX2BSH","Wesapor Foldable Bed Sheet Set Organizer, 2-Pack Sheet Set Organizer for Linen Closet,Sheet Organizer and Storage for Bedding Clothes Blankets, Bed Sheet Storage Box for Duvet Cover Set","Wesapor","$49.99","391","4","$19,546","08/16/2023","$37.35","5","4","$12.64","221,543","7","FBA","1","Home & Kitchen","Standard","1 x 1 x 1 in","1.83 lb","https://www.amazon.com/dp/B0CFXX2BSH"
"","","B0CKY2KCZP","Organzle Bed Sheet Organizer, King Size Linen Sheets Foldable Storage Box - Linen Closet Storage Set, & Sheets Storage Organizers for Folding Storage Bins & Bedding Storage.","Generic","$19.99","50","3","$999","10/11/2023","$9.66","5","1","$10.33","249,702","7","FBA","1","Home & Kitchen","Standard","12.75 x 4.5 x 15 in","1.9 lb","https://www.amazon.com/dp/B0CKY2KCZP"
"","","B0BN1BRQWQ","StorageWorks Closet Storage Bins,Storage Baskets with Cutout Window and 2 Handles, Foldable Fabric Clothes Organizer, Grey, 2-Pack","StorageWorks","$16.99","961","22","$16,327","11/20/2022","$2.84","4.9","15","$14.15","42,156","6","FBA","1","Home & Kitchen","Oversize","10.75 x 8.75 x 10.75 in","2.09 lb","https://www.amazon.com/dp/B0BN1BRQWQ"