"Export time:  1/30/2024, 5:15:15 PM","","ASIN","Product Name","Brand","Price","Monthly Units Sold","Daily Units Sold","Monthly Revenue","Date First Available","Net Revenue","Star Rating","Reviews","Amazon Fees","BSR","LQS","Seller Type","Sellers","Category","Product Tier","Dimensions","Weight","Link"
"","","B07DG73QKM","Amazon Basics Backpack Storage Cubby, 8-Compartment, Pine Wood, 13' D x 30' W x 48' H","Amazon Basics","$25.99","","","","09/19/2018","$-113.21","4.3","160","$139.20","5,585","6","AMZ","3","Our Brands","Oversize","13 x 48 x 30 in","43.78 lb","https://www.amazon.com/dp/B07DG73QKM"
"toy storage","","B0B5WKNGBL","HAIXIN Storage Cabinet, Plastic Shelves Organizer, Folding Storage Box, Collapsible Totes Containers For Storage, 8.4 Gal Clear Storage Bins, Stackable Under Bed Storage Container, 6 Pack Bookshelf","HAIXIN","$259.99","8,507","241","$2.21M","07/05/2022","$195.33","4.5","3,499","$64.66","2,311","6","FBA","1","Home & Kitchen","Oversize","13 x 25 x 19 in","1 lb","https://www.amazon.com/dp/B0B5WKNGBL"
"Average Monthly Sales: 2,197","","B08NB2S5QS","Univivi Foldable Storage Bins [4-Pack] Fabric Storage Boxes with Lids Large Storage Bins with Lids for Shelves, Bedroom, Home (Gray, 17 x 12 x 12')","Univivi","$39.99","3,348","17","$133,887","12/22/2020","$30.22","4.6","1,645","$9.77","54,688","6","FBA","1","Home & Kitchen","Standard","6.7 x 2.3 x 10.2 in","0.4 lb","https://www.amazon.com/dp/B08NB2S5QS"
"Average Revenue: $124,095","","B0CG88GNHH","FinishingBo Cube Storage Baskets 6 Pack, 11x11 inch Foldable Cube Storage Bins with Handles for Shelf Closet Nursery Toys Bathroom (Black/ Gray)","FinishingBo","$36.99","65","3","$2,404","07/19/2023","$23.81","4.8","30","$13.18","22,936","7","FBA","1","Baby","Standard","11.54 x 7.28 x 11.61 in","3.72 lb","https://www.amazon.com/dp/B0CG88GNHH"
"Average Price: $65.12","","B0CFFDHBT6","Sanwuta 6 Packs Toy Storage Bags, PVC Organizing Bags with Zipper, Waterproof Toy Bags for Board Games, Building Blocks, Puzzles, Small Toys and Kids Books(Bright Color, Large, Small)","Sanwuta","$33.99","1,020","18","$34,670","09/06/2023","","4.5","49","","52,948","7","FBA","1","Home & Kitchen","","","","https://www.amazon.com/dp/B0CFFDHBT6"
"Average No. of Ratings: 3,323","","B079TXDDRW","Humble Crew, Grey/White Kids Toy Organizer with 12 Storage Bins, Toddler","Humble Crew","$49.00","4,936","239","$241,864","02/14/2018","$-24.32","4.7","29,679","$73.32","525","6","AMZ","10","Baby","Oversize","34 x 31 x 16 in","21 lb","https://www.amazon.com/dp/B079TXDDRW"
"Average Sales Rank: 66,313","","B097PYH4ZG","popoly Large Toy Box Chest with Lid, Collapsible Sturdy Toy Storage Organizer Boxes Bins Baskets for Kids, Boys, Girls, Nursery, Playroom, 25'x13' x16' (Linen Gray)","popoly","$19.99","12,852","328","$256,911","06/21/2021","$10.26","4.5","4,505","$9.73","357","6","FBA","1","Baby","Standard","13.11 x 16.89 x 2.13 in","4.65 lb","https://www.amazon.com/dp/B097PYH4ZG"
"Average Rating Number: 4.4","","B0CMD2VSFS","GGUO Corner Stuffed Animal Storage Toy Organizer - Stuffed Animals Holder with Lights - Large Kids Plushies Toys Wall Hanging with Adjustable Length for Nursery Playroom Bedroom (White)","GGUO","$30.99","3,027","201","$93,807","11/01/2023","","4.7","123","","641","7","FBA","1","Baby","","","","https://www.amazon.com/dp/B0CMD2VSFS"
"","","B0BPSGQHLY","OIAHOMY Large Rectangle Blanket Basket, Woven Nursery Cotton Rope Baskets for Storage, Living Room, Toy Organizing with Handle-22x17x12-Gradient Yellow","OIAHOMY","$26.99","18,692","602","$504,497","12/11/2022","","4.7","1,207","","159","7","FBA","1","Baby","","","","https://www.amazon.com/dp/B0BPSGQHLY"
"","","B071YMTCF8","Melissa & Doug Wooden Toy Chest - White Furniture for Playroom - Kids Toy Box, Wooden Storage Organizer, Children's Furniture","Melissa & Doug","$116.99","2,729","81","$319,266","10/08/2018","$75.30","4.6","7,452","$41.69","10,258","7","AMZ","15","Home & Kitchen","Oversize","20.98 x 7.76 x 35 in","35.4 lb","https://www.amazon.com/dp/B071YMTCF8"
"","","B0BYMMXNJB","BALEINE 3 Pack Fabric Storage Bins Storage Basket Closet Shelf Organizer for Closet Organizing, Decorative Large Linen Closet Organizers and Storage (Grey, 3 Pack)","BALEINE","$28.99","1,913","47","$55,458","03/15/2023","$11.52","4.6","167","$17.47","19,321","7","FBA","1","Home & Kitchen","Oversize","11 x 9.5 x 15 in","3.23 lb","https://www.amazon.com/dp/B0BYMMXNJB"
"","","B0C6MBX7H3","wookon Closet Organizers and Storage,108QT/27Gal Stackable Storage Bins Open Front,4 Packs Extra Large Collapsible Storage Bins with Lids,Plastic Clothes Organizer,Folding Storage Box","wookon","$179.56","99","6","$17,776","05/29/2023","","4.4","64","","147,693","7","FBA","3","Home & Kitchen","","","","https://www.amazon.com/dp/B0C6MBX7H3"
"","","B09Z9QP2G4","Storage Bins with Lids - 4 Packs Stackable,Collapsible Storage Bins,Plastic Storage Bins for Closet,Folding Storage Box,Dual Open Bathroom Organizer Laundry Room Organization","wookon","$176.99","838","15","$148,318","04/30/2022","$129.34","4.4","924","$47.65","62,262","7","FBA","3","Home & Kitchen","Oversize","15.8 x 22.1 x 12.9 in","18.999 lb","https://www.amazon.com/dp/B09Z9QP2G4"
"","","B0C7BL9K2Y","5 Pack Folding Storage Box, 17 Gal Stackable Plastic Storage Bins with Wheels, Toy Storage Box, Large Capacity Organization Collapsible Container for Home and Office Storage","Lexza","$139.99","","","","","","3.3","7","","689,029","","FBA","","Home & Kitchen","","","","https://www.amazon.com/dp/B0C7BL9K2Y"
"","","B09QQFG52M","HOOBRO Storage Bench, 29.5 Retro Wooden Storage Chest with U-Shaped Cut-Out Pull, Safety Hinge, Supports 220 lb and Easy Assembly for Toy Box Organizer (Greige) BG77CW01","HOOBRO","$79.99","2,400","80","$191,976","04/04/2023","$46.99","4.5","889","$33.00","10,427","7","FBA","1","Home & Kitchen","Oversize","20.8 x 4.7 x 32.6 in","27.27 lb","https://www.amazon.com/dp/B09QQFG52M"
"","","B0CGLSDL9C","HOUSE AGAIN Kids Plushies Toy Storage Adjustable Length Shelf 24.96'x13.32'x80' Large Stuffed Animal Zoo Corner Holder Toy Organizer Wall Hanging for Playhouse Nursery Kid Room","HOUSE AGAIN","$17.99","1,080","36","$19,429","11/17/2023","","4.2","23","","3,545","7","FBA","1","Baby","","","","https://www.amazon.com/dp/B0CGLSDL9C"
"","","B0CNLRPKWG","holay 4 Packs PVC Zippered Blocks Set, Toy, Clay, Board Game Storage Organizer Case (Name Tag, Manual Pocket) (Gray, 4 Large)","holay","$28.49","4,626","186","$131,795","01/14/2021","$19.08","","","$9.41","701","7","FBA","1","Baby","Standard","2.2 x 9.5 x 12 in","1.88 lb","https://www.amazon.com/dp/B0CNLRPKWG"
"","","B0BM889K1H","VICTOR'S Kids Toy Box Chest - Extra Large Lightweight Collapsible Toy Storage Organizer Boxes Bins Baskets for Kids, Boys, Girls, Nursery Room, Playroom, Closet (New Black)","VICTOR'S","$23.99","907","25","$21,759","11/12/2022","","4.6","604","","4,817","7","FBA","1","Baby","","","","https://www.amazon.com/dp/B0BM889K1H"
"","","B0BFDSTD3M","TOOKYLAND Wooden Toy Chest with Safety Hinged Lid for Kids, Toy Organizer and Storage Box with Blackboard, Seating Bench, Personalized Stickers","TOOKYLAND","$63.99","60","1","$3,839","09/14/2022","","4","29","","43,653","6","FBA","2","Baby","","","","https://www.amazon.com/dp/B0BFDSTD3M"
"","","B01969ABR2","CleverMade Collapsible Storage Bin, Black, 3PK - 62L Stackable Storage Containers, Holds 100lbs Per Bin - Plastic Storage Bins for Organizing, Closet Storage, Garage Storage","CleverMade","$79.99","766","29","$61,272","12/08/2015","$48.79","4.7","4,338","$31.20","32,575","7","AMZ","7","Home & Kitchen","Oversize","16.8 x 25 x 9.2 in","14.449 lb","https://www.amazon.com/dp/B01969ABR2"
"","","B09TFWSNB3","ClearSpace Plastic Storage Bins with Lids  Perfect Kitchen Organization or Pantry Fridge Organizer, and Bins, Cabinet Organizers","ClearSpace","$49.99","849","24","$42,442","02/24/2022","$34.56","4.7","1,414","$15.43","11,802","7","FBA","11","Kitchen & Dining","Standard","12.48 x 13.03 x 7.09 in","6.64 lb","https://www.amazon.com/dp/B09TFWSNB3"
"","","B07KKYXZ9W","Humble Crew Extra-Large Toy Organizer, 16 Storage Bins, White/White","Humble Crew","$145.29","2,769","66","$402,308","11/14/2018","$24.70","4.7","36,670","$120.59","2,048","6","AMZ","9","Baby","Oversize","15.5 x 35 x 42 in","24 lb","https://www.amazon.com/dp/B07KKYXZ9W"
"","","B0C7BZX5DH","Plastic Storage Bins with Lids, 3 Packs 20Gal Stackable Storage Bins, Collapsible Storage Bins Open Front, Storage Bins with Wheels, Closet Organizers and Storage for Home, Kitchen, School, Office","gerritfany","$149.99","120","4","$17,999","07/31/2022","","4.5","34","","224,318","7","FBA","1","Home & Kitchen","","","","https://www.amazon.com/dp/B0C7BZX5DH"
"","","B0C5XDV7PF","TheWarmHome Storage Basket for Organizing - Medium 3 Pack 14x10x7 inch Fabric Storage Cubes for Shelves with Rope, Collapsible Storage Bin for Organizer Closet Cloth Gift Toy (White & Jean Blue)","TheWarmHome","$26.99","5,370","179","$144,936","05/21/2023","","4.6","18,583","","3,617","7","FBA","1","Home & Kitchen","","","","https://www.amazon.com/dp/B0C5XDV7PF"
"","","B09JB9LTWT","Outus Book Bins for Classroom Plastic Cubby Bins Toy Bins for Kids Storage and Organizer Containers with 120 Pcs Self Adhesive Label for Classroom Library School Office Home(24 Pack)","Outus","$79.99","125","2","$9,999","10/12/2021","$55.25","4.5","60","$24.74","89,842","7","FBA","3","Office Products","Oversize","7.8 x 8 x 23.6 in","9.3 lb","https://www.amazon.com/dp/B09JB9LTWT"
"","","B0BC92SW9N","Storage Bins with Lids,Wheels-Large Plastic,4 Packs Folding Storage Box,34 Qt Stackable ,Grey Office Organization,White Dorm Room Essentials,Double Door File Cabinet","wookon","$149.99","415","8","$62,246","08/28/2022","","4.5","604","","116,422","7","FBA","1","Home & Kitchen","","","","https://www.amazon.com/dp/B0BC92SW9N"
"","","B0CL9NDKLQ","AHEONLAR 4 Tier Plastic Storage Bins with Drawers - Foldable Stackable Storage Bins with Lids - Closet Craft Organizers and Storage - 24QT Plastic Drawer Storage for Bedroom Study Toy Room Office","AHEONLAR","$33.99","3,667","121","$124,641","10/17/2023","$16.15","3.9","105","$17.84","6,156","7","FBA","1","Home & Kitchen","Oversize","11.2 x 8.7 x 15.6 in","7.61 lb","https://www.amazon.com/dp/B0CL9NDKLQ"
"","","B08P6FNMDC","HOOBRO Toy Box, Retro Wooden Look Storage Chest with Safety Hinge, Entryway Storage Bench Supports 220 lb, 29.9 x 15.7 x 18.9 Inches Toy Chest Organizer, Easy Assembly (Greige) BG75CW01G1","HOOBRO","$79.99","1,302","46","$104,147","01/28/2021","$47.65","4.7","3,457","$32.34","19,902","7","FBA","1","Home & Kitchen","Oversize","18.7 x 6.1 x 32.67 in","30.42 lb","https://www.amazon.com/dp/B08P6FNMDC"
"","","B09NS4BJW2","Amazon Basics Kids Toy Storage Organizer with 12 Plastic Bins, Grey Wood with Blue Bins, 10.9'D x 33.6'W x 31.1'H","Amazon Basics","$73.50","","","","08/14/2022","","4.7","2,665","","1,911","6","AMZ","1","Our Brands","","","","https://www.amazon.com/dp/B09NS4BJW2"
"","","B0CN2DCP5J","6 Packs Large Toy Storage Bags with Labels, Reusable Clear PVC Board Game Storage, Travel Waterproof Organizer Bags with Zipper for Building Blocks, Puzzle, Kids Books","OPELETNNT","$32.99","282","11","$9,303","11/09/2023","","3","1","","83,550","7","FBA","1","Home & Kitchen","","","","https://www.amazon.com/dp/B0CN2DCP5J"
"","","B0C13YZ4P3","Large Toy Storage Box with Lid, Sturdy Toys Storage Chest Bin Organizer Basket with Dividers for Kids, Boys, Girls, Nursery, Closet, Bedroom, Playroom 25'x13' x16' (Beige and White)","Gowee","$21.99","4,899","121","$107,729","03/30/2023","","4.5","207","","1,120","7","FBA","1","Baby","","","","https://www.amazon.com/dp/B0C13YZ4P3"
"","","B08QSBVRYQ","UTEX Toy Storage Organizer with Bookcase, Kids Multi Shelf Cubby for Books,Toys, Storage Organizer for Boys,Girls Play Room/Bedroom-White","UTEX","$99.99","369","15","$36,896","12/15/2020","$60.09","4.5","410","$39.90","63,293","6","FBA","1","Home & Kitchen","Oversize","20 x 39 x 5 in","42.801 lb","https://www.amazon.com/dp/B08QSBVRYQ"
"","","B0BQYDTMNN","GRANNY SAYS Toy Storage Organizer with Lids, Foldable Toy Boxes for Kids Extra Large, Toy Chest for Kids with Handles and Divider, Toy Bin for Nursery Room, Playroom, Closet, 155L, Dark Gray","GRANNY SAYS","$39.99","738","21","$29,513","08/22/2023","$-0.79","4.2","1,147","$40.78","5,630","6","FBA","1","Baby","Oversize","16.5 x 14.25 x 40.5 in","6.91 lb","https://www.amazon.com/dp/B0BQYDTMNN"
"","","B09MTZGZ46","Delta Children Design & Store 6 Bin Toy Storage Organizer, Disney Princess","Delta Children","$35.74","2,286","49","$81,702","11/30/2021","$0.92","4.6","1,076","$34.82","2,699","6","AMZ","7","Baby","Oversize","24 x 11.8 x 26.6 in","12.12 lb","https://www.amazon.com/dp/B09MTZGZ46"
"","","B0CB7WTRRS","TrueLux 10 Pack Colored Mesh Zipper Pouch Bags, Double-Layer Nylon Puzzle Building Block Sets Toy Storage & Organization, Breathable See Through A4 Zipper Pouch with Handle for School Office Games","TrueLux","$31.99","899","47","$28,759","07/05/2023","$22.67","5","13","$9.32","19,436","7","FBA","1","Home & Kitchen","Standard","9.8 x 1 x 13.7 in","13.4 oz","https://www.amazon.com/dp/B0CB7WTRRS"
"","","B074PY2ZGS","Delta Children Deluxe Multi-Bin Toy Organizer with Storage Bins - Greenguard Gold Certified, Grey/Blue Bins","Delta Children","$34.97","7,338","191","$256,610","08/14/2017","$15.46","4.5","28,486","$19.51","682","6","AMZ","10","Baby","Oversize","13.7 x 26.6 x 4.5 in","14.901 lb","https://www.amazon.com/dp/B074PY2ZGS"
"","","B077Z7CKH1","mDesign Plastic Playroom/Game Organizer Box Containers with Hinged Lid for Shelves or Cubbies, Holds Toys, Building Blocks, Puzzles, Markers, Controllers, or Crayons, Ligne Collection, 2 Pack, Clear","mDesign","$23.99","1,870","66","$44,861","12/06/2017","$13.36","4.6","2,958","$10.63","13,204","7","FBA","1","Home & Kitchen","Standard","8 x 7.5 x 12.5 in","2.6 lb","https://www.amazon.com/dp/B077Z7CKH1"
"","","B0BS3ZZTGK","BOTLOG Toy and Book Organizer for Kids, Toy Storage Organizer with 4 Bins, Children's Toy Shelf for Playroom, Kindergarten, School","BOTLOG","$92.34","75","1","$6,926","01/10/2023","","4.6","19","","36,730","7","AMZ","1","Baby","","","","https://www.amazon.com/dp/B0BS3ZZTGK"
"","","B0CH1GHJ3W","DINZI LVJ Toy Storage Organizer, Kids Bookshelf, Wood Toy Storage Cabinet, 5 Cubby Children Bookcase, Toddler Book Toy Shelf for Playroom, Bedroom, Nursery, Hallway, School, 31.5' Long, White","DINZI LVJ","$79.99","577","15","$46,154","10/23/2023","","5","42","","63,801","7","FBA","1","Home & Kitchen","","","","https://www.amazon.com/dp/B0CH1GHJ3W"
"","","B076MJYM4Q","Delta Children MySize Deluxe Toy Box - Greenguard Gold Certified, Grey","Delta Children","$51.19","2,978","66","$152,444","10/24/2017","$25.83","4.3","13,546","$25.36","2,052","6","AMZ","7","Baby","Oversize","16 x 4.13 x 25.5 in","23.7 lb","https://www.amazon.com/dp/B076MJYM4Q"
"","","B00302KB5O","HoneyCanDo Kids Toy Storage Organizer With Bins, Pastel","Honey-Can-Do","$117.74","1,243","13","$146,351","03/18/2010","$78.60","4.8","9,745","$39.14","8,343","3","AMZ","2","Baby","Oversize","14 x 35.5 x 9.5 in","23.4 lb","https://www.amazon.com/dp/B00302KB5O"
"","","B0B6R3M22N","LOVSTORAGE Large Toy Box for Boys Girls Toy Chest Kids Toy Storage Organizer Collapsible Toy Storage Bin Basket with Two Mesh Pockets for Nursery Playroom Bedroom Living Room Organization","LOVSTORAGE","$20.99","940","31","$19,731","09/13/2022","$-5.92","4.5","366","$26.91","4,041","7","FBA","1","Baby","Oversize","13 x 16.5 x 25.5 in","5.88 lb","https://www.amazon.com/dp/B0B6R3M22N"
"","","B0BVV65663","SAM AND MABEL Toy Storage Basket and Play Mat - 13'x13'x13' Stackable and Foldable Cube Toy Organizers and Storage Bins for Boys and Girls (Warm Grayish Beige)","SAM AND MABEL","$37.99","344","15","$13,069","05/09/2023","","4.5","94","","7,129","7","FBA","2","Baby","","","","https://www.amazon.com/dp/B0BVV65663"
"","","B0CQLNFHSP","SWTYMIKI Large Toy Box with Wheels Big Toy Chest for Kids Toy Storage Organizer Bins, Toy Boxes for Kids Girls Boys, Stuffed Animals, Clothes, Playhouse Nursery Bedroom 23.6' L x 17.7' H x 11.8' W","SWTYMIKI","$31.99","60","2","$1,919","12/20/2023","","","","","26,570","7","FBA","1","Baby","","","","https://www.amazon.com/dp/B0CQLNFHSP"
"","","B0CFTYHPV8","Aconfei Kids Toy Box, 70L Metal & Oxford Cloth Toy Chest with 360 Wheels, Toy box with Lid for Boys, Girls, Stuffed Animals, Clothes, Bedroom, Living Room - Grey","Aconfei","$34.99","664","25","$23,233","08/15/2023","","3.6","4","","4,735","7","FBA","1","Baby","","","","https://www.amazon.com/dp/B0CFTYHPV8"
"","","B0846KBXXX","Humble Crew 3-in-1 Toddler Size Storage Organizer with Rolling Toy Box, Grey","Humble Crew","$79.99","746","16","$59,673","01/23/2020","$47.65","4.4","1,747","$32.34","58,895","6","AMZ","6","Home & Kitchen","Oversize","30.71 x 4.53 x 17.13 in","30.2 lb","https://www.amazon.com/dp/B0846KBXXX"
"","","B0BK9MZKJ7","BOTLOG Storage Chest, Wooden Toy Chest with Lid, Storage Bench with Safety Hinge White for Playroom Bedroom Living Room","BOTLOG","$74.85","87","1","$6,512","10/23/2022","","3.9","6","","424,778","6","AMZ","1","Home & Kitchen","","","","https://www.amazon.com/dp/B0BK9MZKJ7"
"","","B0CD26QHVB","Large Storage Basket - 22'x 22'x 14' Blanket Basket for Living Room, Baby Toy Storage Basket, Cotton Rope Basket Woven Laundry Basket (White)","Ravinte","$26.99","210","7","$5,668","07/27/2023","$-3.79","4.5","34","$30.78","13,089","7","FBA","1","Baby","Oversize","22 x 14 x 22 in","4.39 lb","https://www.amazon.com/dp/B0CD26QHVB"
"","","B0CB643MKB","HoneySky Plastic Storage Bins Organizer, 15.35'11.0032.87, White Plus Light Brown","HoneySky","$55.99","8,362","320","$468,188","07/04/2023","$23.83","4.3","260","$32.16","1,476","7","FBA","10","Home & Kitchen","Oversize","11 x 32.87 x 15.35 in","7.96 lb","https://www.amazon.com/dp/B0CB643MKB"
"","","B0C84H6HHL","Buzowruil Toy Rack Fabric Storage Rack with 3 Large Storage Boxes, Suitable for Home Kindergarten, Bedroom, Living Room, Entryway, Pink","Buzowruil","$26.99","60","2","$1,619","","","4.4","13","","33,615","","FBA","","Baby","","","","https://www.amazon.com/dp/B0C84H6HHL"
"","","B0BW9PKQYC","3 Sprouts Multi-Bin Toy Organizer with Recycled Fabric Storage Bins in Gray","3 Sprouts","$59.99","150","5","$8,999","","","3.8","136","","17,413","","FBA","","Baby","","","","https://www.amazon.com/dp/B0BW9PKQYC"
"","","B0BYGLKY6Z","Comfyt Dresser Closet Organizer and Storage Bins Drawer Toy Storage Chest Shelves Shoe Cabinet Rack Bookshelf Bathroom Office Kitchen Pantry Organizer Garage Organization (White, 5 Basket with Door)","Comfyt","$129.50","30","1","$3,885","03/13/2023","","4.2","17","","597,042","7","FBA","1","Home & Kitchen","","","","https://www.amazon.com/dp/B0BYGLKY6Z"
"","","B076MR918B","Delta Children MySize 9 Bin Plastic Toy Organizer - Greenguard Gold Certified, Grey","Delta Children","$58.29","915","13","$53,335","10/19/2017","$23.89","4.6","3,808","$34.40","8,193","6","AMZ","6","Baby","Oversize","11.75 x 23.5 x 22.38 in","14 lb","https://www.amazon.com/dp/B076MR918B"
"","","B0915P168B","HOOBRO Kids Bookshelf, Bookcase Footboard, Toy Storage Cubby, Children's Toy Shelf, Toy Storage Cabinet, Suitable for Children's Room, Playroom, Hallway, Kindergarten, School, Greige BG32CW01","HOOBRO","$108.99","895","23","$97,546","03/25/2021","$69.26","4.7","1,020","$39.73","41,503","6","FBA","1","Home & Kitchen","Oversize","18 x 6.5 x 39 in","38.85 lb","https://www.amazon.com/dp/B0915P168B"
"","","B09L4QJ7N2","ULG 1 Pack Over Door Organizer with 5 Large Pockets 10 Mesh Side Pockets, 44 lbs Weight Capacity Hanging Storage Organizer with Clear Window for Kids Toys, Shoes, Diapers, Grey, 5 Layer","ULG","$26.51","8,445","288","$223,877","11/04/2021","$16.10","4.8","2,684","$10.41","1,753","7","FBA","3","Home & Kitchen","Standard","9.961 x 15.945 x 2.717 in","3.386 lb","https://www.amazon.com/dp/B09L4QJ7N2"
"","","B0CCV89DKX","CHORBEYCH Kids Toy Organizers and Storage,Toy Bin Organizer for Girls Boys,Kids Toy Storage Organizer for Kids Rooms","CHORBEYCH","$89.99","139","2","$12,509","07/25/2023","$53.11","3.9","12","$36.88","318,133","6","FBA","1","Home & Kitchen","Oversize","14 x 10.5 x 36.5 in","16.12 lb","https://www.amazon.com/dp/B0CCV89DKX"
"","","B094YP7JMY","Humble Crew Toy Storage Organizer, White","Humble Crew","$47.99","835","23","$40,072","05/13/2021","$13.23","4.6","5,749","$34.76","40,570","5","AMZ","1","Home & Kitchen","Oversize","26 x 24 x 11 in","13 lb","https://www.amazon.com/dp/B094YP7JMY"
"","","B07G3H8ZKD","Delta Children Kids Toy Storage Organizer with 12 Plastic Bins - Greenguard Gold Certified, White/Pink","Delta Children","$64.99","1,185","23","$77,013","08/13/2018","$4.23","4.7","2,610","$60.76","5,071","7","AMZ","7","Baby","Oversize","31.5 x 33 x 11.75 in","21 lb","https://www.amazon.com/dp/B07G3H8ZKD"
"","","B0CBMF8XJQ","UTEX Toy Storage Organizer with Bookcase, Kids Bin Storage Unit with 8 Compartments and 3 Baskets, Toys Box, Multi Shelf Cubby for Books, Toys,White","UTEX","$89.99","120","4","$10,799","07/10/2023","","4.1","23","","191,477","7","FBA","1","Home & Kitchen","","","","https://www.amazon.com/dp/B0CBMF8XJQ"
"","","B0C4FB39C7","TIMEYARD Blanket Basket, Toy Basket with Handles, Woven Storage Basket for Living Room Nursery Room, Boho Laundry Basket for Clothes Pillows Towels, 16'' x 20'', Beige","TIMEYARD","$21.99","415","15","$9,126","06/13/2023","","4.3","30","","7,134","6","FBA","1","Baby","","","","https://www.amazon.com/dp/B0C4FB39C7"
"","","B0BXP615FG","GTOLV Toy Storage Organizer, Kids Bookshelf with Collapsible Fabric Drawers and Pine Legs, Perfect for Organizing Toys and Books in Playroom, Nursery or Children's Room","GTOLV","$69.99","193","9","$13,508","03/06/2023","$12.00","4","46","$57.99","104,223","7","FBA","1","Home & Kitchen","Oversize","35.43 x 28.34 x 11.02 in","30 lb","https://www.amazon.com/dp/B0BXP615FG"
"","","B08BPMH8N8","Skywin Plastic Stackable Storage Bins for Pantry - Stackable Bins For Organizing Food, Kitchen, and Bathroom Essentials (White)","Skywin","$35.99","2,807","93","$101,024","06/22/2020","$22.51","4.3","4,094","$13.48","2,477","6","FBA","1","Kitchen & Dining","Standard","11.5 x 7 x 14.5 in","3.29 lb","https://www.amazon.com/dp/B08BPMH8N8"
"","","B0CPKYWBSP","8 Packs Large Clear Toy Storage Bags, Reusable PVC Organizing Bags, zipper bags for organizing,Clear Zippered Blocks Bag Set,Waterproof Toy Storage Bags for Zipper,Puzzle, Kids Books,Board Games","EVELOMO","$29.99","300","10","$8,997","12/05/2023","","","","","87,260","7","FBA","1","Home & Kitchen","","","","https://www.amazon.com/dp/B0CPKYWBSP"
"","","B0CQY59JHS","6 Pack Extra Large Toy Storage Bags PVC Organizing Bags with Zippered, Clear PVC Board Game StorageToy Storage OrganizerWaterproof Toy Bags for Board Games Clay, Building Blocks, Toys, Books (Black)","YEXEXINM","$28.99","98","2","$2,841","12/25/2023","","","","","306,486","7","FBA","1","Home & Kitchen","","","","https://www.amazon.com/dp/B0CQY59JHS"