"Export time:  1/30/2024, 12:00:56 AM","","ASIN","Product Name","Brand","Price","Monthly Units Sold","Daily Units Sold","Monthly Revenue","Date First Available","Net Revenue","Star Rating","Reviews","Amazon Fees","BSR","LQS","Seller Type","Sellers","Category","Product Tier","Dimensions","Weight","Link"
"","","B09VP8ZYDP","Sunday Merry Plastic Storage Boxes with Hinged Lids for Multi Use in Bedroom,Kitchen, Bathroom, Office, Reinforced-Strong Durable Stackable Storage Bin, Pack of 3, 35 Quart/each (Brown)","Sunday Merry","$89.99","60","2","$5,399","11/27/2022","","4.1","50","","314,187","7","FBA","1","Home & Kitchen","","","","https://www.amazon.com/dp/B09VP8ZYDP"
"containers for storage","","B0BZVL7RTD","SIRIRIC Stackable Storage Bins with Lids, 23 Gal Plastic Storage Containers, Closet Organizers and Storage, 3 Packs Collapsible Storage Bins, Large Folding Storage box with Doors and Wheels for Home","SIRIRIC","$122.39","281","12","$34,392","03/28/2023","","4.2","226","","76,133","7","FBA","1","Home & Kitchen","","","","https://www.amazon.com/dp/B0BZVL7RTD"
"Average Monthly Sales: 6,493","","B08HR4K9Y5","Rubbermaid Cleverstore 41 Quart Stackable Plastic Storage Container Organizer Bin with Latching Lids for Garage, Closet, and Classroom, Clear (4 Pack)","Rubbermaid","$79.89","15,003","346","$1.20M","09/08/2020","$41.87","4.3","15,506","$38.02","1,297","7","AMZ","9","Home & Kitchen","Oversize","18.4 x 29.3 x 11.7 in","17.099 lb","https://www.amazon.com/dp/B08HR4K9Y5"
"Average Revenue: $301,785","","B0B4G4X43M","HAIXIN Storage Bins with Lids, Collapsible Storage Bins, Wardrobe Closet Organizer, 19 Gal Stackable Toy Storage, Foldable Plastic Storage Container with Door, Crate for Book Storage (3 Pack)","HAIXIN","$199.99","8,624","254","$1.72M","07/28/2022","$106.22","4.5","3,496","$93.77","2,131","6","FBA","2","Home & Kitchen","Oversize","15 x 43 x 25 in","14 lb","https://www.amazon.com/dp/B0B4G4X43M"
"Average Price: $48.85","","B0BQ3H7PT8","Clear Storage Bin with Lid 3 Pack 【Stackable & Sturdy】Plastic Bins for Storage, Multifunctional Folding Storage Bins for Bedroom, Living Room, Study, Toy Room, 24 QT Folding Box with Magnetic door","Kmiectse","$40.99","4,075","109","$167,034","12/28/2022","$17.54","4.7","866","$23.45","7,038","7","FBA","4","Home & Kitchen","Oversize","11.02 x 8.66 x 14.96 in","4.72 kg","https://www.amazon.com/dp/B0BQ3H7PT8"
"Average No. of Ratings: 5,020","","B0B985DTT7","Rubbermaid Roughneck Clear 95 Qt/23.75 Gal Storage Containers, Pack of 4 with Latching Grey Lids, Visible Base, Sturdy and Stackable, Great for Storage and Organization","Rubbermaid","$145.00","3,362","55","$487,490","08/09/2022","","4.2","1,001","","15,990","7","AMZ","13","Home & Kitchen","","","","https://www.amazon.com/dp/B0B985DTT7"
"Average Sales Rank: 48,211","","B07PR9NM54","Rubbermaid Cleverstore 95 Quart Clear Stackable Large Plastic Storage Containers with Lids for Office and Home Organization, Clear (4 Pack)","Rubbermaid","$101.99","16,262","346","$1.66M","03/17/2019","$42.28","4.3","15,506","$59.71","1,297","7","AMZ","18","Home & Kitchen","Oversize","19 x 28.8 x 18.4 in","21.301 lb","https://www.amazon.com/dp/B07PR9NM54"
"Average Rating Number: 4.5","","B01F445OLG","Homz Snaplock 6-Quart Plastic Multipurpose Stackable Storage Container Bins with Blue Latching Lid for Home and Office Organization, Clear (10 Pack)","HOMZ","$32.99","2,158","81","$71,192","05/02/2016","$24.27","4.4","5,074","$8.72","10,253","7","AMZ","5","Home & Kitchen","Standard","8.25 x 4.75 x 13.63 in","9.4 oz","https://www.amazon.com/dp/B01F445OLG"
"","","B0BLHBSV2P","eWonLife Large Shoe Storage Organizers Box with Magnetic Door, 12 Pack Clear Plastic Stackable Sneaker Containers for Closet, Connect Left and Right Shoe Bins for Entryway, Drop Front, Under Bed,Black","eWonLife","$33.98","1,368","69","$46,485","11/03/2022","","4.4","1,250","","12,516","7","FBA","6","Home & Kitchen","","","","https://www.amazon.com/dp/B0BLHBSV2P"
"","","B0BNR4QSZ1","WestonBasics Stackable Plastic Storage Bins with Wheels | Folding Storage Box with Safety Latch Doors | Collapsible Storage Bins with Lids for Organizing Home Items | Cream - 3 Pack - 25 Gallon","WestonBasics","$154.45","230","5","$35,524","11/30/2022","","4.5","107","","157,830","7","FBA","1","Home & Kitchen","","","","https://www.amazon.com/dp/B0BNR4QSZ1"
"","","B0981V5PGK","VENO 8 Pack Moving Bags, Moving Supplies, Moving Boxes, College Packing Storage Boxes with Lids Alternative, Heavy Duty Totes, Extra Large, Sturdy Handles, Zipper, for Packaging (Dark Gray, 8 Pack)","VENO","$42.99","8,548","160","$367,479","06/26/2021","$28.01","4.7","5,680","$14.98","4,219","7","FBA","1","Home & Kitchen","Standard","10.91 x 16.54 x 7.87 in","7.3 lb","https://www.amazon.com/dp/B0981V5PGK"
"","","B0B6BB269B","Bemodst Plastic Storage Bins With Lids,26Quart Storage Containers For Organizing,Stackable Storage Container For Clothing Books Toys,Foldable Plastic Double Door Storage Box","Bemodst","$19.99","","","$599.70","07/11/2022","","4.1","50","","711,039","7","FBA","1","Home & Kitchen","","","","https://www.amazon.com/dp/B0B6BB269B"
"","","B07PFLTLR6","IRIS USA 53 Quart Stackable Plastic Storage Bins with Lids and Latching Buckles, 6 Pack - Pearl, Containers with Lids and Latches, Durable Nestable Closet, Garage, Totes, Tubs Boxes Organizing","IRIS","$89.99","12,526","638","$1.13M","03/06/2019","$44.75","4.4","27,414","$45.24","428","7","AMZ","7","Home & Kitchen","Oversize","21.5 x 23.1 x 17 in","21.601 lb","https://www.amazon.com/dp/B07PFLTLR6"
"","","B085ZV98JM","90L Large Storage Bags, 6 Pack Clothes Storage Bins Foldable Closet Organizers Storage Containers with Durable Handle for Clothing, Blanket, Comforters, Bed Sheets, Pillows and Toys (Gray)","Budding Joy","$24.99","54,419","1,573","$1.36M","03/16/2020","$13.31","4.3","44,598","$11.68","63","6","FBA","4","Home & Kitchen","Standard","11.54 x 14.45 x 6.77 in","2.69 lb","https://www.amazon.com/dp/B085ZV98JM"
"","","B0BVQ69QJD","WYT Clear Storage Latch Bins, 6-Pack Storage Organizer Box with Handle and Lids, 5-Litre","WYT","$23.99","5,810","171","$139,382","08/17/2020","","4.2","656","","3,864","6","FBA","1","Home & Kitchen","","","","https://www.amazon.com/dp/B0BVQ69QJD"
"","","B0CFQWFXR8","LayerSpace 3 Pack Large Fabric Storage Bins for Shelves | 14.57x10.24x9.5in Closet Storage Bins | Collapsible Storage Bins for Organization | Linen Clothes Storage Bins | White & Ivory","LayerSpace","$26.99","1,555","45","$41,969","08/14/2023","$7.92","4.8","115","$19.07","20,011","6","FBA","1","Home & Kitchen","Oversize","12.01 x 10.79 x 17.72 in","3.21 lb","https://www.amazon.com/dp/B0CFQWFXR8"
"","","B078XHRXLR","BINO | Plastic Storage Bins, Large - 2 Pack, Clear | THE SOHO COLLECTION | Pantry Organizers and Storage Containers Fridge Organizer Bins Kitchen Cabinet Organizer Medicine Cabinet Organizer Bin","BINO","$22.99","3,869","147","$88,948","01/09/2018","$12.51","4.7","9,498","$10.48","1,346","7","FBA","1","Kitchen & Dining","Standard","9.5 x 6 x 13.5 in","2.54 lb","https://www.amazon.com/dp/B078XHRXLR"
"","","B0C9Q9BGNX","SpaceAid 4 Pack Bed Sheet Organizers and Storage, Foldable Sheet Organizer for Linen Closet, Sheets Set Folder Keeper with Window XL (Queen & King Size) Organizing Bedding Container, Beige","SpaceAid","$35.97","5,833","284","$209,813","06/28/2023","","4.6","225","","1,794","6","FBA","1","Home & Kitchen","","","","https://www.amazon.com/dp/B0C9Q9BGNX"
"","","B0CH8V6Z37","Plastic's Craft 6 Pack Plastic Storage Bins With Lids 17 QT - Stackable Storage Bins with Lids, Organization and Storage Bins, Baskets for Organizing Shelves, Organizing Bins for Closet (Gray)","Plastic's Craft","$51.50","30","1","$1,545","12/28/2023","","5","1","","526,219","","FBA","1","Home & Kitchen","","","","https://www.amazon.com/dp/B0CH8V6Z37"
"","","B0BW3PTBNX","JONYJ Storage Bins with Lids 23Qt, 3 Packs Stackable Storage Bins with Wheels, Magnetic Door, Leather Handle, Plastic Storage Containers for Bedroom, Living Room","JONYJ","$29.99","1,135","35","$34,039","02/16/2023","","4.6","903","","26,176","7","FBA","1","Home & Kitchen","","","","https://www.amazon.com/dp/B0BW3PTBNX"
"","","B0CMCXJ4YD","Wenqik 6 Pack Colorful Plastic Storage Bins with Lids 4 Quart Small Storage Latch Box Stackable and Nestable Clear Storage Organizer Bins with Latching Handle and Buckle for Organizing(Yellow)","Wenqik","$26.99","390","13","$10,526","","","4.7","5","","70,541","","FBA","","Home & Kitchen","","","","https://www.amazon.com/dp/B0CMCXJ4YD"
"","","B0C5M9W2G5","Skroam 36 Pack Food Storage Containers (18 Airtight Kitchen Storage & 18 Lids), Plastic BPA-Free Meal Prep Container for Pantry Organizers and Storage with Free Labels & Marker","Skroam","$24.29","1,440","48","$34,978","05/17/2023","$13.21","4.4","805","$11.08","5,438","7","FBA","2","Kitchen & Dining","Standard","7.09 x 9.45 x 11.02 in","4.54 lb","https://www.amazon.com/dp/B0C5M9W2G5"
"","","B092ZDHJMN","Fab totes 6 Pack Clothes Storage, Foldable Blanket Storage Bags, Storage Containers for Organizing Bedroom, Closet, Clothing, Comforter, Organization and Storage with Lids and Handle, Grey","Fab totes","$29.99","53,910","1,425","$1.62M","08/20/2021","","4.3","21,855","","79","6","FBA","6","Home & Kitchen","","","","https://www.amazon.com/dp/B092ZDHJMN"
"","","B0BLKD3H7V","HOMESURE 8 Pack Large Strong Moving Bags with Zippers & Carrying Handles - Water-Resistant - Heavy Duty Tote for Space Saving Storage, Fold Flat, Alternative to Moving Box (Clear)","HOMESURE","$39.98","8,723","291","$348,746","11/04/2022","","4.7","873","","1,725","7","FBA","1","Home & Kitchen","","","","https://www.amazon.com/dp/B0BLKD3H7V"
"","","B0CGTR8FR4","60L Storage Bag, 6 Pack Foldable Blanket Storage Bins, Large Clothes Storage Bins with Lids and Handle Storage Containers for Organizing Bedroom, Closet, Clothing and Comforter","HOTBAG","$24.99","448","11","$11,196","08/28/2023","$2.42","4.4","80","$22.57","86,754","7","FBA","1","Home & Kitchen","Oversize","13.78 x 12.41 x 21.65 in","2.05 lb","https://www.amazon.com/dp/B0CGTR8FR4"
"","","B0CCZ8WN8D","Plastic Storage Bins for Organization, 2 Pcs White Pantry Bins Organization, Storage Containers Organizing Bins, Freezer Organizer Bins Stackable, Plastic Boxes for Storage, Snack Kitchen Storage Bins","FINESSY","$29.89","279","11","$8,339","07/26/2023","$17.48","4.7","246","$12.41","25,777","6","FBA","1","Kitchen & Dining","Standard","11.06 x 7.28 x 14.53 in","2.51 lb","https://www.amazon.com/dp/B0CCZ8WN8D"
"","","B09C8DKB2B","Clemate Large Shoe Storage Box, 8 PACK, Shoe Organizer Shoe Box Clear Plastic Stackable, Drop Front Shoe Box with Magnetic Door, Shoe Containers For Sneaker Display, Fit up to US Size 13","Clemate","$51.99","2,428","71","$126,232","08/09/2021","$35.36","4.4","1,366","$16.63","12,036","6","FBA","3","Home & Kitchen","Standard","11.1 x 17.83 x 7.95 in","11.991 lb","https://www.amazon.com/dp/B09C8DKB2B"
"","","B0BLJ1P2Z6","DE'VELO Airtight Food Storage Containers  24 Pack BPA Free Kitchen Organization Set for Pantry Organization and Storage, Plastic Canisters with Durable Lids Ideal for Cereal, Flour & Sugar","DE'VELO","$29.99","210","7","$6,298","11/03/2022","","5","5","","38,830","","FBA","1","Kitchen & Dining","","","","https://www.amazon.com/dp/B0BLJ1P2Z6"
"","","B002BA5F5C","Sterilite 30 Qt Ultra Latch Box, Stackable Storage Bin with Lid, Plastic Container with Heavy Duty Latches to Organize, Clear and White Lid, 6-Pack","Sterilite","$47.77","11,024","386","$526,616","06/16/2009","$16.46","4.6","10,204","$31.31","1,074","5","AMZ","13","Home & Kitchen","Oversize","18.504 x 24.016 x 12.598 in","15.388 lb","https://www.amazon.com/dp/B002BA5F5C"
"","","B00KL7VM7W","Sterilite 15 Gal Industrial Tote, Stackable Storage Bin with Latching Lid, Plastic Container with Heavy Duty Latches, Black Base and Lid, 6-Pack","Sterilite","$75.96","2,495","71","$189,520","05/20/2014","$14.00","4.7","2,043","$61.96","12,035","5","AMZ","5","Home & Kitchen","Oversize","25.9 x 25.9 x 17.9 in","29.599 lb","https://www.amazon.com/dp/B00KL7VM7W"
"","","B08W4QY23S","Glass Food Storage Containers 10 Pc, Airtight Glass Storage Containers with Lids, Glass Lunch Bento Boxes, Leak Proof BPA Free Glass Meal Prep Containers (5 lids, 5 Containers) Color Coordinating Lids","Razab","$33.99","144","6","$4,895","04/03/2022","$21.26","4.3","299","$12.73","42,199","7","FBA","1","Kitchen & Dining","Standard","7.32 x 7.24 x 11.5 in","7.5 lb","https://www.amazon.com/dp/B08W4QY23S"
"","","B09Q38H2J4","Budding Joy 90L Under Bed Storage Containers, Closet Organizers and Storage Bins, Collapsible Underbed Storage Bags for Blankets, Towels, Comforter, Sweaters, Linen Sheets, Wrapping Paper","Budding Joy","$25.99","16,461","439","$427,821","01/09/2022","$15.06","4.2","6,015","$10.93","857","7","FBA","1","Home & Kitchen","Standard","12.874 x 14.095 x 4.567 in","2.56 lb","https://www.amazon.com/dp/B09Q38H2J4"
"","","B0CKSBP3FT","Annaklin Nesting Silicone Food Storage Containers with Lid and Measuring Lines, 6 Pack, Airtight Hard-Shell Silicone Lunch Containers, Microwave Air Fryer Oven Freezer Dishwasher Safe, BPA Free, Blue","Annaklin","$27.99","60","2","$1,679","10/09/2023","$15.56","5","2","$12.43","99,177","7","FBA","1","Kitchen & Dining","Standard","6.69 x 5.91 x 7.87 in","3.12 lb","https://www.amazon.com/dp/B0CKSBP3FT"
"","","B084F25MJX","IRIS USA 74 Quart WEATHERPRO Plastic Storage Box with Durable Lid and Seal and Secure Latching Buckles, Weathertight, Clear with Black Buckles, 2 Pack, 585449","IRIS","$79.99","4,020","131","$321,560","01/30/2020","$37.39","4.3","3,003","$42.60","5,539","7","AMZ","8","Home & Kitchen","Oversize","18.5 x 23.5 x 18.5 in","13.849 lb","https://www.amazon.com/dp/B084F25MJX"
"","","B0B67PCFLQ","23Qt Plastic Storage Bins Organizer 3 Tier, Stackable Storage Boxes with Lids, Storage Containers for Bedroom Living Room Kitchen Study Office, Folding Storage Boxes","CTSNSLH","$32.99","9,442","314","$311,492","08/24/2022","","4.5","1,869","","1,523","7","FBA","11","Home & Kitchen","","","","https://www.amazon.com/dp/B0B67PCFLQ"
"","","B0CKVNDGDK","Lunememo 8 Pack Collapsible Silicone Food Storage Containers with Lids, Freezer & Dishwasher Safe, Foldable Lunch Box for Camper, Leftovers, Snacks, Meals","Lunememo","$27.99","30","1","$839.70","10/10/2023","","4.4","3","","206,093","6","FBA","1","Kitchen & Dining","","","","https://www.amazon.com/dp/B0CKVNDGDK"
"","","B09MXL1W9H","ProKeeper+ 9 Piece Clear Plastic Airtight Food Flour and Sugar Baker's Kitchen Storage Organization Container Canister Set with Magnetic Accessories","Progressive International","$69.99","6,563","215","$459,344","12/01/2021","$46.39","4.7","986","$23.60","764","6","FBA","4","Kitchen & Dining","Oversize","11 x 12 x 12 in","5 lb","https://www.amazon.com/dp/B09MXL1W9H"
"","","B0CNRWZ3CY","BOBIBOSS 7 Pack 6.7 QT Storage Bins with Latching Lids Stackable Storage Box with Handle Storage Bin for Shelves Plastic Storage Containers for Organizing Small Totes for Legos, Crafts, Tools","BOBIBOSS","$24.99","495","8","$12,370","11/20/2023","","3.9","14","","108,897","7","FBA","1","Home & Kitchen","","","","https://www.amazon.com/dp/B0CNRWZ3CY"
"","","B0CNJCG9LC","Hard Shell China Storage Containers 5-Piece Set Moving Boxes for Dinnerware, Glasses, Plates, Mugs and Saucers Sturdy Dish Organizer with Dividers for Seasonal Storage - Service for 12 - Beige Quilted","HOLDN STORAGE","$49.99","388","8","$19,396","11/15/2023","","4.9","23","","34,288","6","FBA","1","Kitchen & Dining","","","","https://www.amazon.com/dp/B0CNJCG9LC"
"","","B00CQGTGZQ","IRIS USA 12 Quart Stackable Plastic Storage Bins with Lids and Latching Buckles, 6 Pack - Clear, Containers with Lids and Latches, Durable Nestable Closet, Garage, Totes, Tubs Boxes Organizing","IRIS","$29.99","30,840","1,025","$924,892","04/28/2013","$7.81","4.1","26,273","$22.18","163","7","AMZ","11","Home & Kitchen","Oversize","16.457 x 16.85 x 11.654 in","8.422 lb","https://www.amazon.com/dp/B00CQGTGZQ"
"","","B0CGZ9ZK4Z","4 Tier Collapsible Storage Bins with Wheels and Lids - 23QT Stackable Closet Organizers, Foldable Plastic Containers for Home, Office, Dorm Room","Wise Oannes","$33.99","5,633","187","$191,466","08/30/2023","$17.96","4.3","142","$16.03","3,382","7","FBA","1","Home & Kitchen","Standard","11.34 x 7.8 x 17.24 in","7.8 lb","https://www.amazon.com/dp/B0CGZ9ZK4Z"
"","","B0CLGM44DP","34pcs Glass Food Storage Containers with Lids Set, Airtight Glass Meal Prep Containers (17 Containers & 17 Lids),Leak Proof Lunch Containers BPA-Free, Microwave, Oven, Freezer, Dishwasher,Grey","AMALEKO","$39.99","1,140","49","$45,589","10/19/2023","$25.16","4.8","42","$14.83","5,416","7","FBA","1","Kitchen & Dining","Standard","7.09 x 11.02 x 14.76 in","11.58 lb","https://www.amazon.com/dp/B0CLGM44DP"
"","","B002BA5F52","Sterilite 18 Qt Ultra Latch Box, Stackable Storage Bin with Lid, Plastic Container with Heavy Duty Latches to Organize, Clear and White Lid, 6-Pack","Sterilite","$42.49","10,906","386","$463,396","06/16/2009","$15.02","4.6","10,204","$27.47","1,074","7","AMZ","9","Home & Kitchen","Oversize","18.5 x 19.5 x 12.6 in","12 lb","https://www.amazon.com/dp/B002BA5F52"
"","","B0BC8VSWC7","Vtopmart 6 Pack Clear Stackable Storage Bins with Lids, Large Plastic Containers with Handle for Pantry Organizer and Storage,Perfect for Kitchen,Fridge,Cabinet, Closet,Bathroom Organization","Vtopmart","$29.99","10,576","339","$317,174","08/28/2022","$16.66","4.7","1,436","$13.33","365","7","FBA","2","Kitchen & Dining","Standard","13.11 x 7.95 x 15.51 in","7.65 lb","https://www.amazon.com/dp/B0BC8VSWC7"
"","","B0CDQKBBT7","StorageExpert Closet Organizers and Storage - Maximize Space with Under Bed Storage Containers & Clothes Storage - Ideal Closet Storage, Toy Storage Organizer & Underbed Storage (Grey, 4 Pack)","StorageExpert","$39.99","1,118","79","$44,709","08/03/2023","","4.7","93","","10,498","6","FBA","2","Home & Kitchen","","","","https://www.amazon.com/dp/B0CDQKBBT7"
"","","B0CN48VTKR","Cetomo 60Qt*4 Plastic Storage Bins, Clear Lidded Storage Box with Wheels, Stackable, 60Quart, Set of 4","Cetomo","$55.90","1,198","63","$66,968","11/10/2023","","4.3","5","","13,693","6","AMZ","1","Home & Kitchen","","","","https://www.amazon.com/dp/B0CN48VTKR"
"","","B07X5Y11CB","Rubbermaid Brilliance BPA Free Food Storage Containers with Lids, Airtight, for Lunch, Meal Prep, and Leftovers, Set of 12","Rubbermaid","$54.99","56,085","2,100","$3.08M","09/18/2019","$39.71","4.7","81,250","$15.28","8","7","AMZ","9","Kitchen & Dining","Standard","8.5 x 8 x 12.2 in","4.07 lb","https://www.amazon.com/dp/B07X5Y11CB"
"","","B0B827HHFY","Airtight Food Storage Containers with Lids, Clear Pantry Canister Set for Kitchen Organization, Stackable Organizers for Flour, Sugar, Cereal, Rice, BPA Free Plastic 24 Pack with Different Sizes","FreshKeeper","$31.99","3,467","102","$110,909","07/28/2022","$17.01","4.7","3,357","$14.98","2,210","6","FBA","1","Kitchen & Dining","Standard","7 x 3 x 6 in","11.36 lb","https://www.amazon.com/dp/B0B827HHFY"
"","","B0CN48WSHB","Cetomo 16Qt*4 Plastic Storage Bins, Lidded Tote Storage Box with Handle, Stackable, Clear, 16Quart, 4 Pack","Cetomo","$29.90","924","52","$27,628","11/10/2023","","","","","17,153","6","AMZ","1","Home & Kitchen","","","","https://www.amazon.com/dp/B0CN48WSHB"
"","","B095CDXSY5","M MCIRCO 30 Pieces Glass Food Storage Containers with Snap Locking Lids,Glass Meal Prep Containers Set - Airtight Lunch Containers, Microwave, Oven, Freezer and Dishwasher","M MCIRCO","$49.99","3,618","114","$180,864","05/18/2021","$37.35","4.6","4,963","$12.64","1,893","7","FBA","7","Kitchen & Dining","Standard","3.2 x 1.6 x 4.7 in","1.34 lb","https://www.amazon.com/dp/B095CDXSY5"
"","","B09JQ5NHLB","IRIS USA 6 Quart Large Clip Box, 4 Pack, Clear Plastic Storage Container Bins with Latching Lids, Organizing Container for Home, Office and School Supplies, Stackable, Seafoam Blue Buckles","IRIS","$26.99","6,307","229","$170,226","10/17/2021","$9.06","4.6","2,160","$17.93","716","7","AMZ","11","Office Products","Oversize","16.12 x 9.38 x 12.87 in","4.08 lb","https://www.amazon.com/dp/B09JQ5NHLB"
"","","B0CB732PQW","OXO Good Grips Limited Edition 3-Piece POP Container Everyday Set - Storm Blue","OXO","$32.99","3,970","76","$130,970","07/04/2023","","4.7","4,598","","3,209","6","AMZ","7","Kitchen & Dining","","","","https://www.amazon.com/dp/B0CB732PQW"
"","","B0C1V5CFP7","Moksha LifeStyle Airtight food storage containers, kitchen canisters for kitchen counter, pantry organizers and storage, kitchen organizers and storage- 8Pc","Moksha LifeStyle","$37.99","30","1","$1,140","04/07/2023","$25.26","5","3","$12.73","127,268","7","FBA","1","Kitchen & Dining","Standard","4.6 x 9.8 x 16.9 in","3.47 lb","https://www.amazon.com/dp/B0C1V5CFP7"
"","","B0CLLS1X85","8 PCS Glass Food Storage Containers Set, 3 Cups Large Round Meal Prep Containers, Non-Toxic, BPA-Free Glass Soup Containers with Airtight Locking Tabs, Microwave, Dishwasher, and Freezer Safe","Freshmage","$39.99","877","34","$35,071","01/07/2024","$27.26","5","6","$12.73","8,008","7","FBA","1","Kitchen & Dining","Standard","5.2 x 9.3 x 10.3 in","4.8 lb","https://www.amazon.com/dp/B0CLLS1X85"
"","","B08G4RXLJ6","WYT Clear Storage Latch Box, 6 Pack Storage Organizer Bins with Latching Handle and Lids, 3.5 Quart","WYT","$23.99","2,121","22","$50,883","08/17/2020","$12.76","4.2","1,744","$11.23","41,810","6","FBA","1","Home & Kitchen","Standard","10.1 x 15.3 x 6.9 in","3.801 lb","https://www.amazon.com/dp/B08G4RXLJ6"
"","","B0CFLJCJSF","Skroam 4PCS Cereal Containers Storage [4L/135.2 oz], Airtight Food Storage Containers with Pour Spout for Kitchen & Pantry Organization Storage, Plastic Cereal Dispensers, Measuring Cup & 20 Labels","Skroam","$21.99","701","17","$15,415","08/13/2023","$11.06","4.4","58","$10.93","16,627","7","FBA","1","Kitchen & Dining","Standard","7.24 x 14.96 x 9.45 in","3.58 lb","https://www.amazon.com/dp/B0CFLJCJSF"
"","","B08H8X25XZ","Tribello Clear Plastic Storage Bins with Lids Stackable Storage Bins (15 Quart)","Tribello","$22.99","2,245","67","$51,613","10/02/2020","$11.61","4.6","677","$11.38","12,776","6","FBA","1","Home & Kitchen","Standard","10.866 x 16.85 x 6.378 in","0.8 lb","https://www.amazon.com/dp/B08H8X25XZ"
"","","B0CC24LMCB","PRAKI 48 Pack Food Storage Containers with Airtight Lids (24 Containers & 24 Lids), Kitchen storage containers for Pantry Organizers and Storage, BPA-Free Meal Prep Container with Labels & Marker","PRAKI","$41.99","1,709","149","$71,761","07/16/2023","$28.36","4.1","214","$13.63","1,312","7","FBA","3","Kitchen & Dining","Standard","7.48 x 8.94 x 13.19 in","4.88 lb","https://www.amazon.com/dp/B0CC24LMCB"
"","","B08K2P9VNZ","Minekkyes 6-Pack Home Storage Bins, Plastic Container, Latching Box with Handle (Grey handle)","Minekkyes","$26.55","1,849","48","$49,091","09/24/2020","$14.34","4.3","626","$12.21","18,813","5","FBA","1","Home & Kitchen","Standard","11 x 14.5 x 8 in","3.1 lb","https://www.amazon.com/dp/B08K2P9VNZ"
"","","B0C99BHTPY","Fruit Storage Containers for Fridge - 10-Piece Kitchen Organizers Leak Proof Produce Saver and Veggie Storage Bins Set for Refrigerator, Plastic Airtight Food Storage Containers with Lids & Handle","Winproper","$16.99","2,279","395","$38,720","08/06/2023","$6.51","4.3","217","$10.48","279","7","FBA","2","Kitchen & Dining","Standard","8.66 x 4.92 x 11.61 in","3.33 lb","https://www.amazon.com/dp/B0C99BHTPY"
"","","B0CL9PZFZP","Moretoes 50 Pack 25oz Plastic Food Storage Containers with Lids, 750ml Disposable Microwaveable Meal Prep Containers Lunch Boxes Dishwasher Freezer Safe (Black)","Moretoes","$19.99","150","5","$2,998","10/17/2023","$10.71","4.5","2","$9.28","48,278","6","FBA","1","Kitchen & Dining","Standard","8.43 x 6.93 x 10.63 in","2.84 lb","https://www.amazon.com/dp/B0CL9PZFZP"
"","","B08CKJVTCG","Kekow 2-Pack Clear Storage Latch Box, Plastic Containers with Lids, 8 L","Kekow","$23.99","828","17","$19,864","07/07/2020","$14.60","4.5","407","$9.39","54,223","5","FBA","1","Home & Kitchen","Standard","5.906 x 3.937 x 7.087 in","2.205 lb","https://www.amazon.com/dp/B08CKJVTCG"
"","","B09Y8X2167","Citylife 2 PCS Storage Bins with Bamboo Lids Plastic Storage Containers for Organizing Stackable Storage Box with Handle, 15.12 x 10.67 x 5.98 inch","ITYLIFE CITYLIFE","$39.97","1,423","46","$56,877","04/18/2022","$21.23","4.4","489","$18.74","19,521","6","FBA","6","Home & Kitchen","Oversize","11.42 x 8.46 x 15.55 in","5.8 lb","https://www.amazon.com/dp/B09Y8X2167"
"","","B0CFKPF2JC","DOADW Stackable Plastic Storage Bins with Lids and Latching Buckles, 100 Quarts (25 Gal) Clear Boxes Containers with Lids, Durable Collapsible Bins Closet, Garage, Totes, Decorative Boxes Organizing","DOADW","$52.99","302","13","$16,003","10/17/2023","","4.4","156","","72,319","7","FBA","1","Home & Kitchen","","","","https://www.amazon.com/dp/B0CFKPF2JC"
"","","B0C48L3NXD","VAKUEN Premium Airtight Food Storage Containers Mega 8P/Set. 7pcs Container and Vacuum Sealer. Smart One-Click Seal Lid, Patented Double Silicone Lining, 100% Leak Proof, BPA-FREE","VAKUEN","$179.99","1,160","50","$208,788","03/19/2022","$139.87","4.3","240","$40.12","5,241","6","FBA","2","Kitchen & Dining","Oversize","11.22 x 11.81 x 11.81 in","8.5 lb","https://www.amazon.com/dp/B0C48L3NXD"