"Export time:  1/30/2024, 12:46:04 AM","","ASIN","Product Name","Brand","Price","Monthly Units Sold","Daily Units Sold","Monthly Revenue","Date First Available","Net Revenue","Star Rating","Reviews","Amazon Fees","BSR","LQS","Seller Type","Sellers","Category","Product Tier","Dimensions","Weight","Link"
"","","B07K92HF9K","Amazon Basics Two Pocket Plastic Dividers, 5 Tab Set, Pack of 3, Letter Size, Assorted Color","Amazon Basics","$8.96","1,706","63","$15,286","03/23/2019","$4.03","4.8","2,870","$4.93","3,764","6","AMZ","3","Office Products","Standard","11.6 x 0.63 x 9.85 in","13.4 oz","https://www.amazon.com/dp/B07K92HF9K"
"5 page dividers","","B0C2CBTT1K","Rosmonde 5 Subject Spiral Notebook, 6 Pack, Wide Ruled, Water Resistant Cover, Thick 300 Pages/Book (150 Sheets), 8 x 10-1/2, 3 Hole Punched, Colored Dividers, Assorted Colors, Bulk School & Office","Rosmonde","$28.99","1,605","24","$46,529","04/12/2023","$17.16","4.5","171","$11.83","10,283","7","FBA","1","Office Products","Standard","9.25 x 2.99 x 10.91 in","6.52 lb","https://www.amazon.com/dp/B0C2CBTT1K"
"Average Monthly Sales: 1,088","","B0CM54D5S3","Darice 5-Tab Plastic Dividers 15 Pcs - Binder Dividers with Pockets and Tabs - Multicolored Plastic Divider for 3 Ring Binder - File Organization  Ideal for School, Office","Darice","$9.99","210","7","$2,098","10/29/2023","$5.42","5","11","$4.57","33,211","7","FBA","2","Office Products","Standard","10.2 x 0.67 x 11.46 in","11.6 oz","https://www.amazon.com/dp/B0CM54D5S3"
"Average Revenue: $10,218","","B07QL9R6HS","Blue Summit Supplies 5-Tab Binder Dividers, Manila Paper with Insertable Colored Plastic Tabs, Reinforced 3 Ring Dividers with Perforated Paper Tab Inserts, 6 Sets","Blue Summit Supplies","$8.75","168","8","$1,470","04/11/2019","$3.67","4.7","136","$5.08","27,669","6","FBA","3","Office Products","Standard","9.41 x 1.06 x 11.26 in","10.8 oz","https://www.amazon.com/dp/B07QL9R6HS"
"Average Price: $13.69","","B01HC4KJ5M","Avery Big Tab Write & Erase Durable Plastic Dividers for 3 Ring Binders, 5-Tab Set, Bright Multicolor, 1 Set (16129)","AVERY","$5.59","5,237","151","$29,275","02/28/2015","$1.83","4.8","18,341","$3.76","1,285","6","AMZ","17","Office Products","Standard","9.5 x 0.08 x 12 in","3.2 oz","https://www.amazon.com/dp/B01HC4KJ5M"
"Average No. of Ratings: 1,148","","B07ZL2SVZW","Ensight 3 Ring Page Dividers Bulk, 1/5 Cut Tab Dividers, 100 Per Box - Divider Pages with Tabs, Decorative Printable Rewritable Divider Tabs, Exhibit Tab Dividers for 3 Ring Binders Bulk","ensight","$22.99","1,410","47","$32,416","10/24/2019","$14.67","4.8","470","$8.32","5,199","6","FBA","1","Office Products","Standard","9.2 x 1.2 x 11.2 in","2.798 lb","https://www.amazon.com/dp/B07ZL2SVZW"
"Average Sales Rank: 36,189","","B08BYH8FGF","5-Tab Binder Dividers, HERKKA 3 Ring Binder Dividers with Reinforced Edge, 3 Hole Punch Section Index Dividers for Binders, 1/5-Cut Tabs, Letter Size, White, 120 Dividers","HERKKA","$20.99","450","15","$9,446","06/27/2020","$11.41","4.7","238","$9.58","15,860","7","FBA","9","Office Products","Standard","9 x 0.01 x 11 in","3.12 lb","https://www.amazon.com/dp/B08BYH8FGF"
"Average Rating Number: 4.6","","B07J5CGR9R","Blue Summit Supplies 3 Ring Binder Dividers with Reinforced Edge, 1/5 Cut Tabs, Letter Size, 3 Hole Punch Section Index Dividers for Binders, White, 100 Page Divider Pack","Blue Summit Supplies","$23.99","1,340","53","$32,147","10/07/2018","$14.60","4.7","849","$9.39","4,544","6","FBA","9","Office Products","Standard","9.29 x 1.46 x 11.26 in","2.68 lb","https://www.amazon.com/dp/B07J5CGR9R"
"","","B07J5C8FJD","Blue Summit Supplies 3 Ring Binder Dividers with Reinforced Edge, 1/8 Cut Tabs, Letter Size, 3 Hole Punch Section Index Dividers for Binders, White, 96 Pack","Blue Summit Supplies","$23.99","1,638","66","$39,296","10/07/2018","$16.85","4.7","922","$7.14","3,557","6","FBA","10","Office Products","Standard","10.31 x 1.22 x 11.26 in","0.32 oz","https://www.amazon.com/dp/B07J5C8FJD"
"","","B08FMJRLBR","WOT I 5-Tab Plastic Dividers w/Front Pockets - 3 Sets, Multicolor Dividers with Pockets for Binders, 15PCS Tab Dviders Assorted Colors","WOT I","$11.99","975","32","$11,690","08/10/2020","$5.67","4.7","1,912","$6.32","7,771","6","FBA","1","Office Products","Standard","9.72 x 0.94 x 11.34 in","14.4 oz","https://www.amazon.com/dp/B08FMJRLBR"
"","","B01FIYTLTI","Avery Dividers for 3 Ring Binders, 5-Tab Binder Dividers, Plastic Binder Dividers, Insertable Big Tabs, Multicolor, 3 Sets (71900)","AVERY","$5.45","260","5","$1,417","06/16/2016","$1.71","4.7","876","$3.74","42,781","7","FBA","13","Office Products","Standard","9 x 0.09 x 11 in","3.2 oz","https://www.amazon.com/dp/B01FIYTLTI"
"","","B002EKLSO6","Avery 23075 Write & Erase Big Tab Paper Dividers, 5-Tab, White, Letter","AVERY","$1.99","2,080","67","$4,139","07/06/2004","$-1.23","4.7","2,781","$3.22","3,488","6","AMZ","6","Office Products","Standard","9.25 x 0.06 x 11 in","1.44 oz","https://www.amazon.com/dp/B002EKLSO6"
"","","B09GHZWDCS","Avery Big Tab Insertable Dividers for 3 Ring Binders, 5-Tab Sets, Buff Paper, Clear Tabs, 6 Binder Divider Sets (26177)","AVERY","$12.28","240","10","$2,947","09/15/2021","$7.26","4.7","257","$5.02","24,538","7","AMZ","4","Office Products","Standard","9 x 0.34 x 11 in","10.7 oz","https://www.amazon.com/dp/B09GHZWDCS"
"","","B0006HV826","Avery Copier Tab Binder Dividers, 5 White Tabs, Unpunched, 30 Sets/150 Sheets (20405), 9 x 11 inches","AVERY","$21.28","210","7","$4,469","04/17/2006","$11.93","4.5","274","$9.35","32,945","6","AMZ","51","Office Products","Standard","9.21 x 11.42 x 1.38 in","3.091 lb","https://www.amazon.com/dp/B0006HV826"
"","","B07SRX4Q9J","3 Ring Binder Dividers with Tabs - (20 Sets) x 5 Tab Dividers for 3 Ring Binders - White - Binder Dividers with Tabs - Dividers for 3 Ring Binder - Tab Dividers - Binder Tabs // Paper Plan","Paper Plan","$25.55","500","15","$12,775","06/09/2019","$15.98","4.7","429","$9.57","16,692","6","FBA","5","Office Products","Standard","9.33 x 1.26 x 11.34 in","2.64 lb","https://www.amazon.com/dp/B07SRX4Q9J"
"","","B07XSNFBGS","Avery 5 Tab Dividers for 3 Ring Binders, Customizable Table of Contents, Classic White Tabs, 6 Sets (11821)","AVERY","$11.39","215","4","$2,449","09/10/2019","$6.61","4.6","64","$4.78","48,115","6","AMZ","15","Office Products","Standard","8.92 x 0.59 x 11.01 in","9.8 oz","https://www.amazon.com/dp/B07XSNFBGS"
"","","B09VZPSXSF","8-Tab Clear Binder Dividers, 3 Ring Binders Dividers with Tabs,Transparent Plastic 3 Holes Binder Index Dividers, Insertable Organizer Page Tabs","etspolt","$10.99","121","6","$1,330","03/18/2022","$6.27","4.5","40","$4.72","37,598","7","FBA","3","Office Products","Standard","8.5 x 0.01 x 11 in","6.7 oz","https://www.amazon.com/dp/B09VZPSXSF"
"","","B08W9TXWX1","Oxford Plastic 2 Pocket Binder Dividers, 5 Tab 1/5 Cut, Multicolor Large Tab Set, Insertable Dividers with Paper Inserts, Letter Size, 3 Sets (89602)","Oxford","$8.60","160","4","$1,376","02/08/2021","$2.18","4.6","165","$6.42","50,423","7","AMZ","1","Office Products","Standard","1 x 11 x 9 in","1.06 lb","https://www.amazon.com/dp/B08W9TXWX1"
"","","B017ETNV1E","Avery Clear Easy View Durable Plastic Dividers for 3 Ring Binders, 5-Tab Set, Bright Multicolor, 1 Set (16740)","AVERY","$7.19","69","3","$496.11","05/17/2016","$3.19","4.6","130","$4.00","64,540","6","FBA","18","Office Products","Standard","9.53 x 0.07 x 12.48 in","0.32 oz","https://www.amazon.com/dp/B017ETNV1E"
"","","B08VHTCMC1","1InTheOffice Dividers for 3 Ring Binder, Paper Dividers with Tabs, 5-Tab, White, 4 Sets/Pack","1InTheOffice","$8.19","60","2","$491.40","01/31/2021","$3.62","4.7","7","$4.57","92,108","6","FBA","1","Office Products","Standard","9.17 x 13.03 x 0.51 in","0.441 lb","https://www.amazon.com/dp/B08VHTCMC1"
"","","B0BFNMN7NB","HABGP Binder Dividers with Tabs, 8 Tab Sheet Protectors for 3 Ring Binder, Clear Dividers for 3 Ring Binder Page Protectors, Notebook Binder Sleeves with Pockets, 2 Set (16 Pcs)","habgp","$6.49","278","10","$1,804","09/17/2022","$2.60","4.3","90","$3.89","23,723","6","FBA","1","Office Products","Standard","8.5 x 0.2 x 11 in","5.6 oz","https://www.amazon.com/dp/B0BFNMN7NB"
"","","B08VC4BMCL","Oxford Write n Erase Plastic Binder Dividers, 8 Tab, Write On Tabs, Erase Ballpoint Pen, Non Permanent Marker, Pencil, Asstd. Colors, 3 Sets (89992)","Oxford","$7.07","120","4","$848.40","01/27/2021","$2.63","4.8","117","$4.45","54,853","6","AMZ","1","Office Products","Standard","9.252 x 11.102 x 0.315 in","0.926 lb","https://www.amazon.com/dp/B08VC4BMCL"
"","","B0CDWYHLK7","Honoson 12 Sets 8 Tab Binder Dividers for 3 Ring Binders 8.5 x 11 Inch Paper Multicolor Dividers with Plastic Film 3 Hole Punched Page Dividers Sturdy Binder Index Dividers for School (Dark Color)","Honoson","$31.99","458","12","$14,651","05/10/2023","$20.76","4.9","10","$11.23","20,272","7","FBA","1","Office Products","Standard","8.5 x 0.01 x 11 in","3.61 lb","https://www.amazon.com/dp/B0CDWYHLK7"
"","","B071DMRT82","JAM PAPER Plastic Index 5-Tab Dividers - 9 3/4 x 11 1/2 - Assorted Multi-Color - 5 Tabbed Dividers/Pack","JAM Paper","$5.99","621","28","$3,720","04/23/2017","$2.17","4.4","1,088","$3.82","8,936","6","FBA","2","Office Products","Standard","0.1 x 9.75 x 11.5 in","2.57 oz","https://www.amazon.com/dp/B071DMRT82"
"","","B0CM5QDTV3","Thenshop 200 Pieces 3 Ring Binder Dividers with Tabs 40 Sets 5 Tab Dividers for 3 Ring Binders Letter Size Page Dividers for 3 Ring Binder with Tabs (Mix Color)","Thenshop","$34.99","162","5","$5,668","10/30/2023","$22.71","3","2","$12.28","42,951","7","FBA","1","Office Products","Standard","9.8 x 2.13 x 11.69 in","5.19 lb","https://www.amazon.com/dp/B0CM5QDTV3"
"","","B017JCDU26","Avery 5 Tab Dividers for 3 Ring Binders, Customizable Table of Contents, Multicolor Tabs, 1 Set (11840)","AVERY","$4.99","196","10","$978.04","10/31/2015","$1.29","4.7","720","$3.70","23,907","6","FBA","1","Office Products","Standard","9 x 0.06 x 11 in","1.98 oz","https://www.amazon.com/dp/B017JCDU26"
"","","B0CF5CVVF5","Buqoo 3-Ring Binder Plastic Divider Set Light Pink 5-Tab Dividers Sheet Protector Dividers Page Binder Insertable Index Dividers 3 Holes Punch Section Index Dividers for Letter Size Binder 5 Sheets","Buqoo","$7.98","97","2","$774.06","08/08/2023","$3.86","4.7","10","$4.12","101,303","6","FBA","2","Office Products","Standard","9.45 x 0.2 x 11.06 in","3.52 oz","https://www.amazon.com/dp/B0CF5CVVF5"
"","","B08BMT7KX9","Pukka Pad, 5 Dividers, Binder Notebook File Page Separators, 1 Pack of 5 Tab Set, 8  x 11 in. Neon Colors","Pukka Pad","$5.66","","","$2,516","06/21/2020","$2.26","4.7","35","$3.40","175,501","6","FBA","1","Office Products","Standard","9.5 x 0.01 x 11.75 in","0.04 lb","https://www.amazon.com/dp/B08BMT7KX9"
"","","B0BCK7TRRC","5 Set of 40 Pack A4 Plastic Sleeves Binder Index Dividers Pocket Dividers for 2/3/4 Ring Binder with 8 TabsClear Plastic Sheet Protectors Paper Organizer for School Home Office","Surcotto","$15.99","406","9","$6,492","08/30/2022","$10.00","4.5","82","$5.99","25,068","7","FBA","1","Office Products","Standard","10.12 x 0.51 x 12.09 in","13.4 oz","https://www.amazon.com/dp/B0BCK7TRRC"
"","","B0C89Y95B8","Fulmoon 320 Pieces 3 Ring Binder Dividers with Tabs 40 Sets 8 Tab Dividers for 3 Ring Binders Letter Size Page Dividers 3 Hole Punch Section Index Dividers for Binders","Fulmoon","$44.99","150","5","$6,749","06/15/2023","$30.91","3","2","$14.08","40,459","7","FBA","1","Office Products","Standard","10.83 x 1.58 x 13.78 in","7.28 lb","https://www.amazon.com/dp/B0C89Y95B8"
"","","B0C1YJ1TJ7","HABGP 10PCS/2 Set 3 Ring Binder Dividers with Tabs, Color Page Dividers for 3 Ring Binder with Tabs, 5 Tab Dividers, Clear Folder Dividers, Three Ring File Dividers with Tabs, Tabbed Index Dividers","habgp","$5.99","224","7","$1,342","04/09/2023","$2.02","4.7","50","$3.97","32,270","7","FBA","2","Office Products","Standard","8.5 x 0.1 x 11.5 in","6.4 oz","https://www.amazon.com/dp/B0C1YJ1TJ7"
"","","B092CCR5Q4","Avery Durable Plastic 5-Tab Write & Erase Big Tab Dividers for 3 Ring Binders, Pastel Brights (16270)","AVERY","$3.82","20,640","645","$78,845","04/12/2021","$-0.29","4.8","6,846","$4.11","129","6","AMZ","3","Office Products","Standard","1 x 1 x 1 in","3.2 oz","https://www.amazon.com/dp/B092CCR5Q4"
"","","B0CCNPB3QQ","Buqoo Black 3 Rings Binder Dividers Set with 5-Tab for Letter Size (Black-1 Set)","Buqoo","$7.98","145","3","$1,157","07/23/2023","$3.86","5","7","$4.12","59,375","5","FBA","2","Office Products","Standard","8.4 x 0.1 x 10.9 in","3.17 oz","https://www.amazon.com/dp/B0CCNPB3QQ"
"","","B085X5TD82","Avery 5-Tab Binder Dividers, Insertable Clear Big Tabs, 24 Sets, 2 Pack (11113)","AVERY","$16.91","115","4","$1,945","03/13/2020","$10.83","4.7","432","$6.08","48,533","6","AMZ","10","Office Products","Standard","10.45 x 3.7 x 11.9 in","5.9 oz","https://www.amazon.com/dp/B085X5TD82"
"","","B07SX66MYC","3 Ring Binder Dividers with Tabs - (12 Sets) x 8 Tab Dividers for 3 Ring Binders - White - Binder Dividers with Tabs - Binder Tabs - Page Dividers for 3 Ring Binder with Tabs - Binder Tabs Dividers","Paper Plan","$25.25","480","16","$12,120","06/09/2019","$15.67","4.6","459","$9.59","15,153","6","FBA","8","Office Products","Standard","9.29 x 1.42 x 11.38 in","2.55 lb","https://www.amazon.com/dp/B07SX66MYC"
"","","B09YTWCM4C","INFUN Plastic 5-Tab Binder Dividers with 2 Clear Pockets - 6 Sets, 30 pcs Multicolor Pocket Dividers with 3 Holes for 3 Ring Binders,Total 30 Tabs","INFUN","$15.99","698","33","$11,161","04/25/2022","$8.45","4.7","75","$7.54","7,556","7","FBA","1","Office Products","Standard","9.84 x 1.06 x 11.38 in","1.81 lb","https://www.amazon.com/dp/B09YTWCM4C"
"","","B07NZZLD19","Avery Big Tab Insertable 2 Pocket Dividers for 3 Ring Binders, 5-Tab Set, Bright Two-Tone Multicolor, 1 Set (11988)","AVERY","$5.00","754","25","$3,770","02/19/2019","$1.33","4.8","2,478","$3.67","9,914","6","AMZ","6","Office Products","Standard","9.85 x 0.14 x 11.15 in","0.01 oz","https://www.amazon.com/dp/B07NZZLD19"
"","","B0CN6LZMY6","HABGP 10Pcs/2 Set 5 Tab Dividers for 3 Ring Binder, 10 Pcs Multicolor 3 Ring Binder Dividers with Tabs, Page Folder Dividers, Plastic Tabbed File Dividers with Tabs, Three Ring Binder Index Dividers","habgp","$7.99","900","19","$7,191","01/11/2024","$3.65","2","1","$4.34","13,093","7","FBA","1","Office Products","Standard","9.69 x 0.28 x 11.26 in","7 oz","https://www.amazon.com/dp/B0CN6LZMY6"
"","","B01FKMCNL6","Avery 11109 5-Tab Binder Dividers, Insertable Multicolor Big Tabs, 6 Sets","AVERY","$8.79","3,317","127","$29,156","06/16/2016","$4.40","4.8","12,513","$4.39","1,614","6","AMZ","13","Office Products","Standard","9.25 x 0.37 x 11 in","8.6 oz","https://www.amazon.com/dp/B01FKMCNL6"
"","","B08358ZV4J","Blue Summit Supplies 5 Tab Plastic Dividers, Assorted Colors, 5 Tab Index Dividers with 3 Hole Punch, for Notebooks and 3 Ring Binders, Letter Size, Heavy Duty Plastic, Set of 3, 15 Dividers","Blue Summit Supplies","$9.99","172","6","$1,718","12/25/2019","$5.42","4.7","358","$4.57","38,141","6","FBA","8","Office Products","Standard","9.88 x 0.47 x 11.1 in","11.3 oz","https://www.amazon.com/dp/B08358ZV4J"
"","","B01FIYTN7I","AVERY 5-Tab Binder Dividers, Write & Erase Multicolor Big Tabs, 6 Sets (23076)","AVERY","$13.99","550","18","$7,695","06/16/2016","$8.12","4.7","1,893","$5.87","14,007","6","FBA","15","Office Products","Standard","9.88 x 1.53 x 11.25 in","10.2 oz","https://www.amazon.com/dp/B01FIYTN7I"
"","","B091TG5XPZ","Seashell 5-Tab Plastic Binder Dividers, Insertable Index Dividers for 3 Ring Binders, Letter Size, Durable, Assorted Colors, School Subject Binder Organizers, Pack of 6 Sets (30 Dividers Total)","Seashell","$7.99","205","5","$1,638","04/05/2021","$3.72","4.5","63","$4.27","47,139","6","FBA","1","Office Products","Standard","8.5 x 0.01 x 11 in","9.1 oz","https://www.amazon.com/dp/B091TG5XPZ"
"","","B09WW3PZBK","Oxford Plastic Binder Dividers, Full Pocket Top & Side Loading Sheet Protector Dividers, Built in Extra Large Tabs, Asst Colors, 5-Tab, 3 Sets (89651)","Oxford","$8.91","90","3","$801.90","03/29/2022","$4.37","4.7","95","$4.54","63,463","7","AMZ","2","Office Products","Standard","9.41 x 11.46 x 0.51 in","0.75 lb","https://www.amazon.com/dp/B09WW3PZBK"
"","","B0CLQQKZ65","Dispowreath 6 Sets 5-Tab Note-Taking System Discbound Tab Dividers 8.5 X11 Inch Letter Size Plastic Dividers Multicolor 5 Colors for School Office Subject Document (Mixed Color)","Dispowreath","$19.99","152","4","$3,038","10/24/2023","$11.85","5","1","$8.14","55,593","7","FBA","1","Office Products","Standard","9.76 x 0.75 x 12.28 in","1.48 lb","https://www.amazon.com/dp/B0CLQQKZ65"
"","","B00392A5BU","Cardinal Plastic Binder Dividers without Pockets, 5-Tab, Insertable Multicolor Tabs, Letter Size,1 Set (84018), Assorted","Cardinal","$7.51","72","1","$540.72","10/21/2009","$3.46","4.3","261","$4.05","133,965","7","AMZ","10","Office Products","Standard","9 x 0.04 x 11 in","0.96 oz","https://www.amazon.com/dp/B00392A5BU"
"","","B086NBPS73","Amazon Basics 3 Ring Paper Binder Dividers With 5 Insertable Multicolor Plastic Tabs, Pack of 6 Sets (30 Count), Wood","Amazon Basics","$8.99","4,383","155","$39,403","10/06/2020","$4.05","4.7","2,752","$4.94","1,236","7","AMZ","1","Office Products","Standard","9.449 x 11.181 x 0.551 in","0.882 lb","https://www.amazon.com/dp/B086NBPS73"
"","","B00006IBVD","Avery 5-Tab Binder Dividers, Insertable Clear Big Tabs, 1 Set (11122)","AVERY","$2.99","197","9","$589.03","08/13/2008","$-0.38","4.7","236","$3.37","26,537","6","AMZ","8","Office Products","Standard","9 x 0.05 x 11 in","1.76 oz","https://www.amazon.com/dp/B00006IBVD"
"","","B001E63GTG","Avery Big Tab Write & Erase Durable Plastic Dividers for 3 Ring Binders, 5-Tab Set, Pastel Multicolor, 1 Set (16170)","AVERY","$4.99","481","16","$2,400","08/15/2007","$1.32","4.8","1,477","$3.67","15,596","6","AMZ","27","Office Products","Standard","9.16 x 0.07 x 11.01 in","2.12 oz","https://www.amazon.com/dp/B001E63GTG"
"","","B07QQDMXX6","Blue Summit Supplies 3 Ring Binder Dividers with Reinforced Edge, 1/5 Cut Tabs, Letter Size, 3 Hole Punch Section Index Dividers for Binders, Manila, 100 Pack","Blue Summit Supplies","$19.99","129","3","$2,579","04/11/2019","$11.20","4.5","134","$8.79","64,370","6","FBA","2","Office Products","Standard","9.3 x 1.4 x 11 in","2.4 lb","https://www.amazon.com/dp/B07QQDMXX6"
"","","B0CFY1SCRY","Fuutreo 20 Sets 5 Tab Binder Dividers for 3 Ring Binders 8.5 x 11 Inch Paper Multicolor Dividers with Plastic Film 3 Hole Punched Page Dividers Sturdy Binder Index Dividers for School(Morandi Color)","Fuutreo","$24.99","45","2","$1,125","08/16/2023","$14.81","5","3","$10.18","91,003","7","FBA","1","Office Products","Standard","11.3 x 1.93 x 12.87 in","3.69 lb","https://www.amazon.com/dp/B0CFY1SCRY"
"","","B001LNK0L4","Avery Insertable Dividers, Buff Paper, 5 Multicolor Tabs, 1 Set (81000), Yellow","AVERY","$0.91","690","23","$627.90","01/01/2009","$-2.50","4.7","323","$3.41","10,814","3","AMZ","2","Office Products","Standard","8.9 x 0.1 x 11.3 in","0.03 lb","https://www.amazon.com/dp/B001LNK0L4"
"","","B01CGGOO8E","Avery Office Essentials Big Tab Write-On Dividers, 8-1/2 x 11, 5 Tab, White Tab, 12 Pack (24846)","AVERY","$9.99","110","6","$1,099","03/06/2016","$5.42","4.7","192","$4.57","35,656","4","AMZ","2","Office Products","Standard","12.5 x 0.48 x 9.75 in","11.2 oz","https://www.amazon.com/dp/B01CGGOO8E"
"","","B08WBYPVGJ","Oxford Blank Write On Binder Dividers, 1/5 Cut Tabs, 3 Hole Punch Dividers in 5 Tab Sets, 100 Dividers, 20 Sets, White (89981)","Oxford","$12.64","5,058","125","$63,933","02/08/2021","$5.60","4.6","1,347","$7.04","1,639","7","AMZ","3","Office Products","Standard","1 x 12 x 10 in","1.99 lb","https://www.amazon.com/dp/B08WBYPVGJ"
"","","B0CFY4T32L","Harloon 250 Pcs 50 Sets Ring Binder Dividers 8.5' x 11' Blank Binder Dividers 3 Hole Punch Dividers in 5 Label Sets 230 GSM Heavyweight Binder for Project Class Presentation (Forest Colors)","Harloon","$36.99","322","6","$11,911","08/16/2023","$23.51","5","1","$13.48","39,008","7","FBA","1","Office Products","Standard","9.76 x 3.07 x 11.69 in","8.18 lb","https://www.amazon.com/dp/B0CFY4T32L"
"","","B09X5D5BVV","3 Ring Binder Dividers, 20 Sheets Premium Kraft Binder Dividers with 5-Tabs Set, 8.5 x 11 Cardstock Letter Size Index Dividers Paper Binder Dividers for 3 Ring Binder(Kraft)","CoroRio","$9.99","290","11","$2,897","04/03/2022","$4.90","4.3","56","$5.09","22,102","5","FBA","1","Office Products","Standard","8.5 x 0.01 x 11 in","12.6 oz","https://www.amazon.com/dp/B09X5D5BVV"
"","","B00006IC8E","Avery 5-Tab Sheet Protector Dividers, Easy Print & Apply Clear Labels, Index Maker, White Tabs, 1 Set (75500)","AVERY","$6.14","400","14","$2,456","01/28/2009","$2.30","4.7","947","$3.84","17,391","6","AMZ","28","Office Products","Standard","10 x 0.13 x 11.38 in","5 oz","https://www.amazon.com/dp/B00006IC8E"
"","","B084Q3WY6Y","6 Sets of 5 Tab Dividers for 3 Ring Binders, 30 Total Bulk Dividers for Office, School Supplies (Pink, Black, 8.5 x 11 in)","Paper Junkie","$15.99","83","1","$1,327","08/10/2020","$8.45","4.7","141","$7.54","155,180","7","FBA","1","Office Products","Standard","9.29 x 0.59 x 11.1 in","1.12 lb","https://www.amazon.com/dp/B084Q3WY6Y"
"","","B000DN867I","Avery 5-Tab Extra Wide Binder Dividers, Easy Print & Apply Clear Label Strip, Index Maker,White, 5 Sets (11440)","AVERY","$27.98","158","6","$4,421","12/03/2006","$21.05","4.7","316","$6.93","35,168","7","AMZ","34","Office Products","Standard","9.75 x 0.25 x 11.25 in","0.96 oz","https://www.amazon.com/dp/B000DN867I"