"Export time:  2/1/2024, 1:40:41 PM","","ASIN","Product Name","Brand","Price","Monthly Units Sold","Daily Units Sold","Monthly Revenue","Date First Available","Net Revenue","Star Rating","Reviews","Amazon Fees","BSR","LQS","Seller Type","Sellers","Category","Product Tier","Dimensions","Weight","Link"
"","","B0B3XW9DFB","Soopau Memorial Sympathy Wind Chimes , Sympathy Gift Baskets in Memory of a Loved One Mother Father For Memorial/Bereavement/Condolence , 30' Wooden","Soopau","$23.99","5,829","326","$139,838","06/12/2022","","4.8","1,505","","208","7","FBA","1","Patio, Lawn & Garden","","","","https://www.amazon.com/dp/B0B3XW9DFB"
"condolences gift basket for loss","","B0BMW48H2H","Memorial Lantern, Sympathy Gifts for Loss of Mom/Dad/Loved One, Bereavement Gifts, Celebration of Life,in Memory of Loved One Gifts, Remembrance Gifts for Loss, Memorial Gifts, Funeral Gifts","ETERNITY","$31.99","120","4","$3,839","11/17/2022","$20.76","4.9","27","$11.23","78,548","7","FBA","1","Tools & Home Improvement","Standard","7.32 x 5.43 x 12.8 in","2.94 lb","https://www.amazon.com/dp/B0BMW48H2H"
"Average Monthly Sales: 680","","B0CGZTYKDR","Sympathy Gift Baskets, Sympathy Gift, Sympathy Gifts For Loss Of Loved One, Bereavement Gifts, Sympathy Gifts, Grief Gifts, Sorry For Your Loss Gift Basket, Sympathy Gifts For Loss Of Mom, Friend","Ithmahco","$34.99","290","8","$10,147","08/30/2023","","4.8","25","","34,446","7","FBA","1","Kitchen & Dining","","","","https://www.amazon.com/dp/B0CGZTYKDR"
"Average Revenue: $23,317","","B0CGZSXTMW","Ithmahco Sympathy Gift Baskets, Sympathy Gifts For Loss Of Loved One, Sympathy Gift, Bereavement Gifts, Condolences Gift Basket For Loss, Grief Gifts, Sorry For Your Loss Gift Basket, Sympathy Basket","Ithmahco","$34.99","316","10","$11,057","08/30/2023","","4.4","22","","26,366","7","FBA","2","Kitchen & Dining","","","","https://www.amazon.com/dp/B0CGZSXTMW"
"Average Price: $35.19","","B0BY227QW6","Sympathy Gift Baskets - Condolences Gift Basket for Loss of Loved One/Mom/Dad/Husband - Bereavement Grief Gifts - Sorry for Your Loss Grieving Care Package Gift Box for Women Men Friend (Ivory Pillow)","Frerdui","$39.99","490","17","$19,595","03/09/2023","","4.7","18","","54,752","6","FBA","1","Home & Kitchen","","","","https://www.amazon.com/dp/B0BY227QW6"
"Average No. of Ratings: 235","","B0C6SSW8TG","Sympathy Gift Baskets, Condolences Gifts for Bereavement Grief - Sorry for Your Loss of Loved One/Mom/Dad/Husband, Thinking of You Box, Grieving Care Package for Women Men Friends(Ivory Pillow)","PuGez","$45.99","463","15","$21,293","05/31/2023","","4.8","16","","62,472","7","FBA","3","Home & Kitchen","","","","https://www.amazon.com/dp/B0C6SSW8TG"
"Average Sales Rank: 58,658","","B0C142PCYS","Self Care Gifts for Women, Get Well Gifts for Women, Sympathy Gift Baskets, Get Well Soon Care Package, Inspirational Gifts for Women, Encouragement Gifts Baskets for Women, Sending Hug Gifts (Grey)","Frerdui","$41.99","1,812","94","$76,086","03/30/2023","","4.9","30","","8,533","7","FBA","1","Home & Kitchen","","","","https://www.amazon.com/dp/B0C142PCYS"
"Average Rating Number: 4.6","","B0CFTWWT97","LESEN Sympathy Gift Baskets, Grief Gifts for Women, Condolence Gifts Bereavement Box Gift Sorry for Your Loss of Loved One Mother Father Husband Friend","LESEN","$28.98","326","12","$9,447","08/15/2023","$17.60","4.9","21","$11.38","77,314","6","FBA","1","Home & Kitchen","Standard","9.3 x 4 x 9.3 in","1.04 kg","https://www.amazon.com/dp/B0CFTWWT97"
"","","B0C36R1XTZ","LESEN Sympathy Gift Baskets,Sorry for Your Loss of Mother Father Brother Husband Sister Friend Loved One,Bereavement Grief Grieving Gifts,Condolence Gifts Box","LESEN","$32.98","263","17","$8,674","06/10/2023","$22.24","4.6","23","$10.74","16,706","7","FBA","1","Kitchen & Dining","Standard","9.37 x 4.09 x 9.45 in","2.8 lb","https://www.amazon.com/dp/B0C36R1XTZ"
"","","B0CDF6LRCN","Boxzie Sympathy Gifts, Condolence Gift Box, Bereavement Basket, Sorry for Your Loss Care Package, Thinking of You Grief Boxes for Women, Men, Friend  Condolences Navy Pillow, Candle & Soap","Boxzie","$39.95","243","9","$9,708","07/31/2023","","4.8","26","","105,653","6","FBA","1","Home & Kitchen","","","","https://www.amazon.com/dp/B0CDF6LRCN"
"","","B0BMW27C7N","Memorial Lantern, Bereavement Gifts,Sympathy Gifts for Loss of Mom/Dad/Loved One, in Memory of Loved One Gifts, Remembrance Gifts for Loss, Celebration of Life, Memorial Gifts, Funeral Gifts","HSENYEKUM","$29.99","60","2","$1,799","11/17/2022","$19.06","4.7","25","$10.93","141,415","7","FBA","1","Tools & Home Improvement","Standard","7.4 x 5.39 x 12.99 in","2.84 lb","https://www.amazon.com/dp/B0BMW27C7N"
"","","B0CDB8LW9D","Sympathy Gift in Heaven LED Memorial Shadow Boxes, Memorial Gifts for Loss of Loved One, Bereavement Gifts Condolences Gifts for Loss of Mother Father Cousin Grandparents Friend","Vetbuosa","$15.99","142","4","$2,271","09/08/2023","","3.7","12","","190,272","7","FBA","1","Home & Kitchen","","","","https://www.amazon.com/dp/B0CDB8LW9D"
"","","B0CM65H3LH","SteadStyle Memorial Gifts, Sympathy Wind Chimes for Loss of Loved One,Gifts for Who Loss of Dad, Mom,Brother,Friends, Sympathy Gift Baskets Home Decor Outdoor Garden Patio","SteadStyle","$19.99","90","3","$1,799","10/30/2023","","5","1","","56,429","7","FBA","1","Patio, Lawn & Garden","","","","https://www.amazon.com/dp/B0CM65H3LH"
"","","B0B9XQ8DY3","TRIROCKS Memorial Lantern 11'' High Walk Beside Us Remembrance Lantern With Automatic Timer LED Candle And Love Pattern Bereavement Sympathy Gifts For Funeral Memorial Service Loss of Loved One(Black)","TRIROCKS","$29.99","140","5","$4,199","08/16/2022","","4","36","","181,132","7","FBA","1","Home & Kitchen","","","","https://www.amazon.com/dp/B0B9XQ8DY3"
"","","B0CFKR31NQ","WOODEXPE Sympathy Gift LED Memorial Shadow Box 11x11 Memorial Gifts for Loss of Loved One (Dandelion White)","WOODEXPE","$19.99","385","18","$7,696","09/28/2023","","4.9","58","","51,472","8","FBA","1","Home & Kitchen","","","","https://www.amazon.com/dp/B0CFKR31NQ"
"","","B0CHRPPKSC","Churika Sympathy Gift Baskets, Memorial Sympathy Wind Chimes for Loss of Loved One, Memorial Gift Sorry for Your Loss of Mother Father Husband Friend Loved One","Churika","$33.99","226","7","$7,682","10/06/2023","","4.7","5","","27,817","7","FBA","1","Patio, Lawn & Garden","","","","https://www.amazon.com/dp/B0CHRPPKSC"
"","","B0CDRB9PZ7","Sympathy Gift Baskets - Thinking of You Care Package Get Well Soon Gifts for Women, For Sick Friend After Surgery Gifts Feel Better Gifts, Memorial Gift, Get Well Gifts for Best Friend BFF Mom Sister","Frerdui","$21.99","445","12","$9,786","08/04/2023","","4.3","46","","23,497","7","FBA","1","Kitchen & Dining","","","","https://www.amazon.com/dp/B0CDRB9PZ7"
"","","B0C9FK1Y2B","Sympathy Gift Baskets - Unique Sorry for Your Loss Gifts, Sympathy Gifts for Loss of Loved One, Mom, Dad. In Loving Memory Condolences Gift Basket for Loss, Memorial, Bereavement &GrievingGifts","GOLDMUS","$29.99","162","6","$4,858","06/25/2023","$19.70","5","6","$10.29","145,027","7","FBA","2","Home & Kitchen","Standard","7.5 x 6.3 x 7.5 in","1.68 lb","https://www.amazon.com/dp/B0C9FK1Y2B"
"","","B0BZRHSDL3","Sending Sunshine Gift, 9 Pcs Sunflower Gifts for Women, Get Well Soon Gifts Basket Care Package Birthday Gifts Box Thinking of You Gift for Women with Inspirational Blanket Candle for Mom, Sister, Her","Mollywatr","$48.99","574","20","$28,120","03/27/2023","$30.42","4.9","101","$18.57","13,613","7","FBA","2","Kitchen & Dining","Oversize","9.6 x 9.6 x 9.6 in","3.56 lb","https://www.amazon.com/dp/B0BZRHSDL3"
"","","B0BLBF6JDD","A Limb Has Fallen from The Family Tree Sympathy Plaque with Wooden Stand In loving memory of loved Wall Decor Table Decor Bereavement Condolences Gifts","Generic","$19.99","640","33","$12,794","12/02/2022","","4.6","108","","28,399","7","FBA","1","Home & Kitchen","","","","https://www.amazon.com/dp/B0BLBF6JDD"
"","","B0BVPWCKQW","HN HAIINAA Memorial Lantern - Bereavement Sympathy Gifts for Loss of Loved One Memorial Gifts for Loss of Mother Remembrance Gifts for Loss of Father","HN HAIINAA","$30.47","84","3","$2,559","02/13/2023","$19.47","4.6","25","$11.00","115,488","7","FBA","1","Tools & Home Improvement","Standard","5.9 x 14 x 5.9 in","2.55 lb","https://www.amazon.com/dp/B0BVPWCKQW"
"","","B0CFKJHB8D","HN HAIINAA Memorial Lantern - Bereavement Sympathy Gifts for Loss of Loved One Memorial Gifts for Loss of Mother Remembrance Gifts Thoughtful Funeral Gifts for Loss of Mom with LED Candle and Remote","HN HAIINAA","$46.99","400","21","$18,796","08/13/2023","$33.51","4.5","41","$13.48","44,591","7","FBA","1","Home & Kitchen","Standard","5.9 x 14 x 5.9 in","2.35 lb","https://www.amazon.com/dp/B0CFKJHB8D"
"","","B0CCV627LH","Sympathy Gift Baskets- Crystal Glass Heart Condolence Memorial Gift for Bereavement Grief for Loss of Loved One, Sorry for Your Loss Thinking of You Grieving Care Package Gift Box for Women Men Friend","FACOYANS","$21.99","195","12","$4,288","07/25/2023","","4.5","12","","79,691","7","FBA","1","Home & Kitchen","","","","https://www.amazon.com/dp/B0CCV627LH"
"","","B0CNL65D6P","Sympathy Gift Baskets, Sympathy Gifts For Loss Of Loved One, Condolences Gift Basket For Loss, Bereavement Gifts, Grief Gifts, Sorry For Your Loss Gifts, Condolences Gift For Loss, Grieving Gifts","Ithmahco","$34.99","120","4","$4,199","12/28/2023","","4.5","5","","61,195","","FBA","1","Kitchen & Dining","","","","https://www.amazon.com/dp/B0CNL65D6P"
"","","B09783RKBP","LukieJac Sympathy Gifts Bereavement Gifts Memorial Gifts For Loss Of Father Mother Loved One Husband Son Condolences Gift Basket Sorry For Your Loss Of Baby In Loving Memory Wedding Sign Grieving Gift","LukieJac","$17.99","645","26","$11,604","05/23/2021","$10.15","4.9","1,273","$7.84","35,963","6","FBA","1","Home & Kitchen","Standard","8.504 x 8.622 x 2.008 in","0.963 lb","https://www.amazon.com/dp/B09783RKBP"
"","","B0B8F1G26X","Sympathy Gift Baskets, Condolences Basket, Sorry for Your Loss of Loved One, Grief Gifts, Bereavement Care Package, Grieving Box, Unique Thinking of You Ideas for Women, Men, Friend - Pillow & Candle","Boxzie","$39.95","400","12","$15,980","08/17/2022","$27.53","4.8","81","$12.42","78,930","6","FBA","1","Home & Kitchen","Standard","9.84 x 4.57 x 10.39 in","3.11 lb","https://www.amazon.com/dp/B0B8F1G26X"
"","","B0CKMTR571","Sympathy Gift Baskets - Care Package for Women, Bereavement Gifts, Sympathy Gifts for Loss of Loved One, Condolences Gift Basket for Loss, Grief Gifts, Sorry for Your Loss Gifts (Ivory Pillow)","GiftPeak","$39.99","174","6","$6,958","10/06/2023","","4.6","12","","44,921","7","FBA","1","Kitchen & Dining","","","","https://www.amazon.com/dp/B0CKMTR571"
"","","B09DQ2K7VB","Sympathy Mourning Funeral Gifts Loss Loved One Condolences Gift Basket Include Tea Lights Candle Holder Remembrance Jewelry Memorial","LOTICONA","$15.99","287","10","$4,589","08/25/2021","$9.07","4.7","189","$6.92","89,565","6","FBA","1","Home & Kitchen","Standard","4.921 x 5 x 4.488 in","0.774 lb","https://www.amazon.com/dp/B09DQ2K7VB"
"","","B0CH16BW6K","MODOFO Sympathy Gift Baskets,Bereavement Gifts, Condolences Basket, Sympathy Gifts for Loss of Loved One,Grief Gifts,Condolences Gift Basket for Loss, Grieving Box for Women, Men, Friend","MODOFO","$35.99","223","6","$8,026","08/30/2023","","4.9","14","","135,752","6","FBA","1","Home & Kitchen","","","","https://www.amazon.com/dp/B0CH16BW6K"
"","","B0C6F4F8RW","Sympathy Gift Baskets - Condolences Gift Box for Loss of Loved One, Sorry for Your Loss Gift Basket, Memorial Gifts for Mom, Dad, Husband - Bereavement Grief Gifts - Grieving Gift Box for Funeral","MystGifder","$39.99","472","26","$18,875","05/25/2023","$27.56","4.6","31","$12.43","36,615","7","FBA","2","Home & Kitchen","Standard","7.87 x 3.93 x 7.87 in","3.26 lb","https://www.amazon.com/dp/B0C6F4F8RW"
"","","B0CBP9WR8Q","AMBOBE Memorial Wind Chimes, Sympathy Wind Chimes, Sympathy Gifts for Loss of Loved One, Sympathy Gift Baskets, Bereavement Condolence Funeral Gifts for Loss of Mother Father, Send Love and Concern","AMBOBE","$30.97","1,961","63","$60,732","09/18/2023","","4.9","571","","2,559","7","FBA","1","Patio, Lawn & Garden","","","","https://www.amazon.com/dp/B0CBP9WR8Q"
"","","B07DP5VB8J","A Gift Inside Sympathy Orchard Delight Fruit and Gourmet Basket","A Gift Inside","$47.57","788","27","$37,485","02/27/2014","$33.40","4.4","1,705","$14.17","10,258","6","AMZ","1","Grocery & Gourmet Food","Standard","9 x 8 x 11 in","5 lb","https://www.amazon.com/dp/B07DP5VB8J"
"","","B0CB693SFH","Sympathy Gift Memorial Plaque Sign - in Memory of Loved One Gifts, Condolences Gift Basket for Loss of Father Mother, Bereavement Remembrance Gift, Funeral Grief Gifts","Fabuday","$9.99","136","6","$1,359","10/11/2023","","4.8","58","","143,665","7","FBA","1","Home & Kitchen","","","","https://www.amazon.com/dp/B0CB693SFH"
"","","B00LUK2TGC","The Gourmet Choice Gift Basket by Wine Country Gift Baskets","Wine Country Gift Baskets","$99.95","432","14","$43,178","12/22/2019","$75.64","4.5","531","$24.31","18,318","6","FBM","2","Grocery & Gourmet Food","Oversize","11 x 14 x 19 in","1.03 oz","https://www.amazon.com/dp/B00LUK2TGC"
"","","B076BXHWSC","Broadway Basketeers Sympathy Gift Basket Deluxe, Condolences Gifts for Loss, Bereavement or Kosher Shiva, Food Care Package for Delivery With Chocolate, Snacks & Sweets","Broadway Basketeers","$84.95","396","16","$33,640","09/25/2018","$59.43","4.3","333","$25.52","16,453","8","FBM","2","Grocery & Gourmet Food","Oversize","14.5 x 8.5 x 14.5 in","4 lb","https://www.amazon.com/dp/B076BXHWSC"
"","","B0C1YC1V5J","WOODEXPE Sympathy Gift Memorial Gift for Loss of Loved One Memorial Lantern with Flickering LED Candle and Remote Control (Black)","WOODEXPE","$31.99","410","14","$13,116","04/09/2023","$22.05","4.4","45","$9.94","66,939","7","FBA","1","Home & Kitchen","Standard","4.4 x 11 x 5.5 in","1.81 lb","https://www.amazon.com/dp/B0C1YC1V5J"
"","","B0CJTYQGMC","Sympathy Gifts For Loss Of Loved One Memorial Gifts, Memorial Picture Frame Bereavement Gifts For Loss Of Loved One Mother Father, In Loving Memory Picture Frame, Remembrance Gifts Condolence Gifts","Tiblue","$19.99","440","15","$8,796","11/30/2023","","4.5","282","","61,367","8","FBA","1","Home & Kitchen","","","","https://www.amazon.com/dp/B0CJTYQGMC"
"","","B09T2239ML","Thinking of You Gift for Loss of Loved One - Sympathy Bereavement Memorial with Lavender, Quartz Crystal and Chamomile","Gill + Jill","$35.99","676","22","$24,329","05/26/2021","$27.52","4.7","338","$8.47","32,227","6","FBA","1","Health & Household","Standard","0.01 x 3.5 x 3 in","7.76 oz","https://www.amazon.com/dp/B09T2239ML"
"","","B0CHB1BSS9","Doopeer Sympathy Gifts for Loss of Mom, 32' Memorial Wind Chimes for Loss of Mother, Windchimes for Loss of Mother, Condolence Bereavement Gifts for Loss of Mother, in Memory of Mom Mama","Doopeer","$29.99","1,108","43","$33,229","09/06/2023","","4.9","33","","4,063","7","FBA","1","Patio, Lawn & Garden","","","","https://www.amazon.com/dp/B0CHB1BSS9"
"","","B09Z9X1XLY","WISHMEAD 50x60 Inch Modern Gray Micro-Fleece Blanket with Heartfelt Quote 'Forever in our Hearts', Ready-to-Gift","WISHMEAD","$24.99","970","17","$24,240","08/18/2022","$14.51","4.8","155","$10.48","55,568","6","FBA","1","Home & Kitchen","Standard","13.3 x 14.76 x 3.43 in","1.369 lb","https://www.amazon.com/dp/B09Z9X1XLY"
"","","B09QHV8Q7H","Sympathy Wind Chimes for Outside Deep Tone, Memorial for Loss of Loved One Prime, Bereavement Condolence Remembrance Funeral Gifts for Grieving Friends Loss of Mother Father","Synhonty","$29.99","4,467","160","$133,965","03/14/2022","$20.35","4.8","677","$9.64","698","7","FBA","1","Patio, Lawn & Garden","Standard","5.669 x 13.465 x 2.362 in","1.232 lb","https://www.amazon.com/dp/B09QHV8Q7H"
"","","B0C2GZ7TKN","Get Well Soon Gifts For Women, Self Care Gifts For Women, Sympathy Gift Baskets, Feel Better Gifts For Women, Thinking Of You Gifts For Women, Care Package For Women, Get Well Gifts For Women, Mom,Bff","Ithmahco","$39.99","444","13","$17,756","05/13/2023","$28.20","4.7","20","$11.79","20,519","7","FBA","2","Kitchen & Dining","Standard","7 x 4 x 7 in","2.89 lb","https://www.amazon.com/dp/B0C2GZ7TKN"
"","","B08LQT3JF4","LEAVORES Sympathy Memorial Wind Chimes with Tree of Life Wind Spinner for Loss of Loved One - Ideal Bereavement/ Condolence/ Sorry for Your Loss Gifts","LEAVORES","$27.97","569","20","$15,915","02/11/2021","$20.00","4.8","429","$7.97","9,787","6","FBA","1","Patio, Lawn & Garden","Standard","4.92 x 2.17 x 11.42 in","0.703 lb","https://www.amazon.com/dp/B08LQT3JF4"
"","","B0BDFPJBW1","Sending Sunshine, 10pcs Sunflower Gifts for Women, Get Well Soon Gifts Basket Care Package Unique Birthday Box with Inspirational Blanket Candle for Thinking of You Her Sister Best Friend","Suhctuptx","$39.99","1,975","72","$78,980","09/06/2022","$30.22","4.8","309","$9.77","11,900","7","FBA","1","Home & Kitchen","Standard","2 x 3 x 2 in","7 oz","https://www.amazon.com/dp/B0BDFPJBW1"
"","","B092CXZCQH","Sympathy Gifts Memorial Bereavement Gifts Acrylic Condolence Remembrance Gifts for Loss of Loved One Father Mother (Simple Style,6 x 6 x 0.6 Inch)","Jetec","$11.99","1,274","82","$15,275","04/12/2021","$7.12","4.6","1,582","$4.87","10,102","7","FBA","1","Home & Kitchen","Standard","7.1 x 7.1 x 0.7 in","0.701 lb","https://www.amazon.com/dp/B092CXZCQH"
"","","B09967C644","UOKPT Scented Candles Lavender Memorial Gifts for Loss of Loved One Sympathy Gift Condolence Remembrance for Deceased Bereavement Keepsake","UOKPT","$15.99","556","25","$8,890","08/10/2021","$9.07","4.7","301","$6.92","37,566","7","FBA","1","Home & Kitchen","Standard","2.75 x 3.5 x 2.75 in","15.52 oz","https://www.amazon.com/dp/B09967C644"
"","","B0C1TC7P9Q","Besoamo Sympathy Moon Lamp Gifts, Memorial Gifts Bereavement Gift for Loss of Loved One, Loss of Mother, Loss of Father, Rememberance Gift in Memory of Mom Dad, Funeral Condolences Gift for Grieving","Besoamo","$29.99","84","3","$2,519","04/06/2023","$21.72","5","8","$8.27","297,913","7","FBA","2","Home & Kitchen","Standard","7 x 4.3 x 11 in","9.6 oz","https://www.amazon.com/dp/B0C1TC7P9Q"
"","","B09QYTLR3K","The Wind Chime CO Memorial Wind Chimes, Sympathy Wind Chimes Gift for The Loss of A Loved one, Home Decor Outdoor Garden, Soothing Melodic Tones with Mute Option.","Trend Jockey","$55.00","1,837","56","$101,035","01/21/2022","$41.61","4.7","168","$13.39","2,972","7","FBA","4","Patio, Lawn & Garden","Standard","5.827 x 13.858 x 2.284 in","1.501 lb","https://www.amazon.com/dp/B09QYTLR3K"
"","","B0CHSB74FY","The Love Crate Co Sunflower Gifts for Women, 15pc Custom Gift Box for Women. Get Well Soon Gift Baskets for Women, You Are My Sunshine Gifts, Care Package For Women Thinking of You, Wellness Gifts.","The Love Crate Co","$45.99","502","27","$23,087","12/11/2023","","4.7","38","","10,369","7","FBA","1","Kitchen & Dining","","","","https://www.amazon.com/dp/B0CHSB74FY"
"","","B09S5HSR2X","Gifts for Women, Care Package for Women, Relaxing Spa Gift Box Basket, Birthday Baskets, Get Well Soon Gifts with Luxury Blanket, Unique Holiday Gifts Basket for Women, Her, Sister, Mom, Best Friends","Mikimoony","$49.99","1,610","63","$80,484","02/09/2022","$36.06","4.8","590","$13.93","4,009","7","FBA","1","Kitchen & Dining","Standard","9.6 x 5.5 x 9.6 in","3.58 lb","https://www.amazon.com/dp/B09S5HSR2X"
"","","B006CTL9DK","The Sympathy Gift Tower by Wine Country Gift Baskets Perfect for Condolences Gifts for Loss, Bereavement, Kosher, Food Care Package for Delivery to their Door!","Wine Country Gift Baskets","$54.95","20","1","$1,099","03/05/2019","$44.92","3","1","$10.03","120,411","7","FBM","2","Grocery & Gourmet Food","Standard","6 x 16 x 8 in","2.9 lb","https://www.amazon.com/dp/B006CTL9DK"
"","","B00F4WIQ96","Wine Country Gift Baskets Sympathy Gift Basket","Wine Country Gift Baskets","$59.95","415","12","$24,879","05/11/2013","$46.03","4.5","770","$13.92","21,477","6","FBM","2","Grocery & Gourmet Food","Standard","5 x 4 x 6 in","3.46 lb","https://www.amazon.com/dp/B00F4WIQ96"
"","","B075RHKKJL","Broadway Basketeers Condolences Gourmet Gift Basket, Kosher Sympathy Food Gift Baskets for Delivery, Perfect Care Package Box or Assorted Snack Gifts for Bereavement, Loss, Funeral, or Shiva","Broadway Basketeers","$60.32","132","9","$7,962","07/06/2019","$42.33","4.3","157","$17.99","27,392","8","AMZ","2","Grocery & Gourmet Food","Oversize","14.4 x 8.5 x 14.6 in","0.64 oz","https://www.amazon.com/dp/B075RHKKJL"
"","","B0C3MPRZQK","Memorial Wind Chimes for Outside - Bereavement Sympathy Gift in Memory of Loved One, Memorial Wind Chimes for Loss of Loved One, Memorial Gifts for Loss of Mother Father Condolence Remembrance","Norimoru","$29.99","90","3","$2,699","04/25/2023","","5","3","","59,312","7","FBA","1","Patio, Lawn & Garden","","","","https://www.amazon.com/dp/B0C3MPRZQK"
"","","B0BC92C4PB","Sympathy Wind Chimes -Sympathy Gift Baskets for Loss of Loved One-Unique Condolence Gifts/Grief Gifts/Bereavement Gift for Mother/Father/SisterColorful Butterfly","MONYAO","$15.99","78","1","$1,247","08/28/2022","","4.9","32","","133,548","7","FBA","1","Patio, Lawn & Garden","","","","https://www.amazon.com/dp/B0BC92C4PB"