"Export time:  2/5/2024, 2:06:56 AM","","ASIN","Product Name","Brand","Price","Monthly Units Sold","Daily Units Sold","Monthly Revenue","Date First Available","Net Revenue","Star Rating","Reviews","Amazon Fees","BSR","LQS","Seller Type","Sellers","Category","Product Tier","Dimensions","Weight","Link"
"","","B08LQXMNRL","Amazon Basics Mid-Century Square Modern X Ottoman Chair, Ivory, 18'D x 20'W x 18'H (Previously Rivet brand)","Amazon Basics","$36.99","","","","04/13/2021","$10.78","4.6","544","$26.21","3,095","6","AMZ","6","Our Brands","Oversize","19.1 x 21.5 x 6.2 in","11.349 lb","https://www.amazon.com/dp/B08LQXMNRL"
"living room ottoman","","B0CJ8Y586D","Hananu Homes, Black Mario Cube Pouf Ottoman 18.7', Tufted Design, Comfortable Foot Rest for Living Room and Bedroom, Gifting for Family and Friends","Hananu Homes","$115.60","","","$0.00","09/17/2023","","5","2","","1,108,132","7","FBA","1","Home & Kitchen","","","","https://www.amazon.com/dp/B0CJ8Y586D"
"Average Monthly Sales: 731","","B086BS9WQQ","blue page Unstuffed Ottoman Pouf, Square and Striped, Morocco Tufted Boho Foot Rest, Pouf Cover with Big Tassels, Decorative Stool for Bedroom and Living Room, (18x18x16 Inches, Black and Cream)","blue page","$38.99","477","23","$18,598","03/24/2020","$26.41","4.5","1,916","$12.58","40,952","7","FBA","3","Home & Kitchen","Standard","10.984 x 14.882 x 3.819 in","2.866 lb","https://www.amazon.com/dp/B086BS9WQQ"
"Average Revenue: $45,241","","B07C91ZSX3","Marrakesh Gallery Genuine Leather Round Pouf Unstuffed - Moroccan Ottoman Footstool, Footrest Cover - Boho Decor - Bohemian Living Room, Bedroom, Kids Room, Gift & Wedding (Dark Brown)","Marrakesh Gallery","$65.99","251","7","$16,563","03/22/2017","$50.30","4.6","3,065","$15.69","127,413","7","FBA","3","Home & Kitchen","Standard","8.858 x 10.394 x 4.213 in","2.057 lb","https://www.amazon.com/dp/B07C91ZSX3"
"Average Price: $75.86","","B07FZRGCF5","Homepop Home Decor | Large Button Tufted Woven Round Storage Ottoman for Living Room & Bedroom (Navy Woven) 25 inch D x 25 inch W x 15 inch H","HomePop","$112.99","1,606","48","$181,462","07/28/2018","$63.16","4.6","3,983","$49.83","18,961","7","AMZ","5","Home & Kitchen","Oversize","25 x 25.25 x 14 in","23.951 lb","https://www.amazon.com/dp/B07FZRGCF5"
"Average No. of Ratings: 1,443","","B07WXG1R2Z","Homepop Home Decor |K2380-E903| Luxury Large Faux Leather Square Storage Ottoman | Ottoman with Storage for Living Room & Bedroom, Gray","HomePop","$149.99","578","14","$86,694","08/21/2019","$74.28","4.4","2,059","$75.71","66,741","7","AMZ","9","Home & Kitchen","Oversize","28.5 x 15.5 x 29 in","37.8 lb","https://www.amazon.com/dp/B07WXG1R2Z"
"Average Sales Rank: 130,613","","B098P3WL3X","LANE LINEN Macrame Ottoman Pouf - Hand Knitted Large Foot Rest for Couch, 100% Cotton Cord, Living Room Floor Ottoman - 20 Diameter x 14 Height - Pure Natural","LANE LINEN","$66.99","977","28","$65,449","06/15/2021","","4.5","1,887","","33,593","7","FBA","2","Home & Kitchen","","","6 lb","https://www.amazon.com/dp/B098P3WL3X"
"Average Rating Number: 4.5","","B0BLZWBLVK","Storage Ottoman Bench with Storage Bins, 30-In Storage Bench for Bedroom End of Bed, Folding Foot Rest Ottoman with Storage for Living Room, Storage Chest Max 660lbs, Linen Fabric Grey Ottoman","STORAGEBUD","$38.68","3,078","130","$119,057","11/09/2022","","4.4","802","","5,625","6","AMZ","6","Home & Kitchen","","","","https://www.amazon.com/dp/B0BLZWBLVK"
"","","B0BZJTF379","Spatial Order Home Decor | Dinah Collection Modern Storage Ottoman | Ottoman with Storage for Living Room & Bedroom (Navy)","Spatial Order","$79.91","247","14","$19,738","05/19/2023","","4.1","17","","65,574","7","AMZ","4","Home & Kitchen","","","","https://www.amazon.com/dp/B0BZJTF379"
"","","B0C7XWNMXR","HomePop Home Decor | K7342-A874 | Classic Square Storage Ottoman with Lift Off Lid | Ottoman with Storage for Living Room & Bedroom, Blue Indigo Print, Large","HomePop","$83.99","1,791","63","$150,426","08/06/2023","","4.7","3,830","","13,867","7","AMZ","3","Home & Kitchen","","","","https://www.amazon.com/dp/B0C7XWNMXR"
"","","B08LQYK2PF","Amazon Brand - Rivet Mid-Century Modern X Square Ottoman Chair, Indigo Blue, 20'W x 18'D x 18'H","Rivet","$36.99","","","","04/13/2021","$13.63","4.6","380","$23.36","4,100","6","AMZ","9","Our Brands","Oversize","18.75 x 21 x 6 in","8.801 lb","https://www.amazon.com/dp/B08LQYK2PF"
"","","B0CGX2JYY9","SforGUVA Blue Decorative Serving Tray with Handles, Plastic Coffee Table Tray for Outdoor Patio, Living Room, Ottoman, Bathroom Counter, 10.2*15.7*1.4","SforGUVA","$23.99","446","17","$10,700","08/29/2023","","4.5","9","","16,541","6","FBA","1","Kitchen & Dining","","","","https://www.amazon.com/dp/B0CGX2JYY9"
"","","B08PY9MQHY","ZIRKOOON Small Foot Stool Square Leather Ottoman Foot Rest Cushion for Living Room Solid Rubber Wood Simple Assembly Brown","ZIRKOOON","$98.99","30","1","$2,970","04/01/2021","","4.6","64","","479,843","6","FBA","1","Home & Kitchen","","","","https://www.amazon.com/dp/B08PY9MQHY"
"","","B0C5JBFZVV","YITAHOME 30 Inches Folding Storage Ottoman Bench, Upholstered Storage Bench, Faux Leather Footrest with 25mm Sponge Seat Suitable for Living Room, Bedroom, Office and Hallway (Beige)","YITAHOME","$45.99","175","3","$8,048","05/16/2023","","4.3","13","","279,303","6","FBA","1","Home & Kitchen","","","","https://www.amazon.com/dp/B0C5JBFZVV"
"","","B0CRDMZFZC","NEWBULIG 43 inches Folding Ottoman Bench with Storage for Living Room/Entryway/Bedroom Ottomans Stool Padded Seat Rectangle Chair Foot Rest Bins Max 660Lb Capacity Large Toy Box, Linen, Dark Grey","NEWBULIG","$43.99","227","5","$9,986","01/02/2024","","4.8","7","","173,633","6","AMZ","1","Home & Kitchen","","","","https://www.amazon.com/dp/B0CRDMZFZC"
"","","B097NBGJTW","24KF Large Square Upholstered Tufted Linen Ottoman Coffee Table, Large Footrest Ottoman with Solid Wood Shelf-Ivory","24KF","$241.25","930","31","$224,363","06/17/2021","$164.16","4.5","292","$77.10","30,499","6","FBA","1","Home & Kitchen","Oversize","34 x 8 x 34 in","41 lb","https://www.amazon.com/dp/B097NBGJTW"
"","","B0CD77J5FQ","LUE BONA Foot Stool, 12H Small Foot Stools Ottoman, Durable Linen Footstool with Metal X-Leg, Padded Foot Rest Step Stool Extra Seating for Living Room, Bedroom, Entryway, Office, Linen Color","LUE BONA","$29.74","474","24","$14,097","07/30/2023","","4.2","77","","38,268","7","FBA","1","Home & Kitchen","","","","https://www.amazon.com/dp/B0CD77J5FQ"
"","","B01N5RAIFT","Christopher Knight Home Zahra Ottoman, Dark Grey","Christopher Knight Home","$65.09","150","5","$9,764","01/18/2017","$-0.11","4.4","246","$65.20","170,279","5","AMZ","3","Home & Kitchen","Oversize","26.4 x 28.6 x 13 in","22.6 lb","https://www.amazon.com/dp/B01N5RAIFT"
"","","B08PYBKZXW","ZIRKOOON Foot Stool Small Round Leather Ottoman Mid Century Foot Rest Cushion for Living Room, Bedroom Solid Oak (Brown)","ZIRKOOON","$128.99","30","1","$3,870","03/24/2021","$91.20","4.7","108","$37.79","630,270","6","FBA","1","Home & Kitchen","Oversize","14.6 x 16.7 x 14.5 in","12.79 lb","https://www.amazon.com/dp/B08PYBKZXW"
"","","B0CG5YNQ85","ENGPOW Storage Ottoman,Fireproof Folding Ottoman Cube Storage Stool with Lock,Leather Foot Rest Stool Storage Chest with Handles,Square Ottoman Safe for Living Room,Bedroom,15'x15'x15',Grey","ENGPOW","$37.99","561","18","$21,312","08/20/2023","","4.4","258","","53,259","7","FBA","1","Home & Kitchen","","","","https://www.amazon.com/dp/B0CG5YNQ85"
"","","B0C8SJFCD8","SONGMICS Small Folding Storage Ottoman, Foot Rest Stool, Cube Footrest, 12.2 x 16.1 x 12.2 Inches, 286 lb Load Capacity, for Living Room, Bedroom, Home Office, Dorm, Ink Black ULSF102B01","SONGMICS","$23.99","1,417","53","$33,994","10/17/2023","","4.6","298","","16,987","6","FBA","4","Home & Kitchen","","","","https://www.amazon.com/dp/B0C8SJFCD8"
"","","B0CF4SRWG2","VASAGLE EKHO Collection - Storage Ottoman, Vanity Chair Stool, Synthetic Leather with Stitching, Mid-Century Modern, Round Storage Seat with Steel Legs, Loads 330 lb, Caramel Brown ULOM005K01","VASAGLE","$45.99","461","8","$21,201","11/18/2023","","4.8","38","","106,133","6","FBA","1","Home & Kitchen","","","","https://www.amazon.com/dp/B0CF4SRWG2"
"","","B0CGK1RHMM","43' Folding Storage Ottoman Bench for Living Room, Bedroom, TV Entertainment - Bedroom Bench with Hidden Storage, Foot Rest Stool - 660 Capacity & Holds up to 5.6 Cubic Feet of Storage - DARK GREY","Lifetime Home","$39.95","1,320","44","$52,734","08/23/2023","","4.7","138","","20,565","6","FBM","2","Home & Kitchen","","","","https://www.amazon.com/dp/B0CGK1RHMM"
"","","B09VFJDQCX","24KF Middle Century Upholstered Tufted Coffee Table with Linen Padded Seat, Large Square Ottoman with Black Metal Frame -Granite","24KF","$195.25","120","4","$23,430","03/12/2022","$118.01","4.5","414","$77.24","187,229","6","FBA","1","Home & Kitchen","Oversize","35.8 x 36.7 x 8 in","35.801 lb","https://www.amazon.com/dp/B09VFJDQCX"
"","","B0C8SN23JR","SONGMICS Small Folding Storage Ottoman, Set of 2, Foot Rest Stool, Cube Footrest, 12.2 x 16.1 x 12.2 Inches, 286 lb Load Capacity, for Living Room, Bedroom, Home Office, Dorm, Ink Black ULSF102B21","SONGMICS","$39.99","1,355","53","$54,186","10/17/2023","","4.6","298","","16,987","6","FBA","4","Home & Kitchen","","","","https://www.amazon.com/dp/B0C8SN23JR"
"","","B0BJDV6RVG","Ao Lei 30 Inches Storage Ottoman Bench, Storage Bench with Wooden Legs for Living Room Ottoman Foot Rest Removeable Lid for Bedroom End of Bed, Linen Fabric Green Color","Ao Lei","$90.99","756","23","$68,788","10/16/2022","","4.3","533","","40,860","7","FBA","1","Home & Kitchen","","","","https://www.amazon.com/dp/B0BJDV6RVG"
"","","B0B657LTQK","Hamgtrion Ottoman Storage Ottoman Folding Ottomans Footrest Storage Ottoman Small Footstool Rectangle Bench Cube for Room Living Room Bedroom Beige L17W13H13inches","Hamgtrion","$17.99","1,320","44","$23,747","07/08/2022","","4.4","836","","20,685","7","FBA","1","Home & Kitchen","","","","https://www.amazon.com/dp/B0B657LTQK"
"","","B0C8MXHHHB","AbunHeri Stuffed Pouf Ottoman with PP Cotton, Faux Fur Poufs, Pouf Stool Ottoman Round Foot Stool Cushion Storage Ottoman, 20 * 12''Floor Poufs Foot Rest for Living Room (Dark Grey Pouf with Filler)","AbunHeri","$55.61","355","9","$19,742","06/19/2023","","3.2","86","","97,934","7","FBA","1","Home & Kitchen","","","","https://www.amazon.com/dp/B0C8MXHHHB"
"","","B07R2DX68Y","FRELISH DECOR Round Pouf Ottoman Hand Knitted 100% Cotton Pouf Foot Stool Knitted Bean Bag - Floor Chair for Living Room Bedroom - Foot Rest for Couch (20 Diameter x 14 Height) - Pumpkin Orange","FRELISH DECOR","$67.99","704","23","$47,865","04/23/2019","$35.93","4.4","2,610","$32.06","41,408","6","FBA","1","Home & Kitchen","Oversize","17.6 x 18.3 x 14.7 in","6.901 lb","https://www.amazon.com/dp/B07R2DX68Y"
"","","B0B4JMFQNS","Cpintltr Velvet Storage Ottoman Round Footrest Stool Multifunctional Upholstered Ottoman Modern Accent Vanity Stools Tray Top Coffee Table Suitable for Living Room Bedroom Entryway Emerald","Cpintltr","$32.99","2,199","55","$72,545","06/19/2022","","4.6","1,104","","16,247","7","FBA","1","Home & Kitchen","","","","https://www.amazon.com/dp/B0B4JMFQNS"
"","","B09SHS7NPN","Bsketa Storage Ottoman, Folding Foot Stool with Thicker Foam Padded Seat Small Leather Storage Ottoman Bench Foot Rest for Living Room Foldable Coffee Table 17x13x13in,Brown","Bsketa","$25.99","2,075","54","$53,929","02/14/2022","$15.06","4.5","1,377","$10.93","16,462","6","FBA","1","Home & Kitchen","Standard","13.189 x 17.047 x 2.598 in","5.509 lb","https://www.amazon.com/dp/B09SHS7NPN"
"","","B079S4G5NM","HomePop Home Decor | Medium Square Storage Ottoman with Hinged Lid | Ottoman with Storage for Living Room & Bedroom, Grey","HomePop","$104.99","308","13","$32,337","02/12/2018","","4.6","721","","71,776","7","AMZ","8","Home & Kitchen","","","","https://www.amazon.com/dp/B079S4G5NM"
"","","B07Y9NGC7H","YOUDENOVA 30 inches Folding Storage Ottoman, 80L Storage Bench for Bedroom and Hallway, Faux Leather Brown Footrest with Foam Padded Seat, Support 350lbs","YOUDENOVA","$39.99","1,249","40","$49,948","09/22/2019","$20.87","4.4","19,068","$19.12","23,198","6","FBA","4","Home & Kitchen","Oversize","15.5 x 30.5 x 3 in","11.151 lb","https://www.amazon.com/dp/B07Y9NGC7H"
"","","B00WGGEDFY","Convenience Concepts Designs4Comfort 5th Avenue Storage Ottoman 24' - Contemporary Foot Stool and Seat with Hinged Lid for Living Room, Dining Room, Office, Tan","Convenience Concepts","$126.99","254","7","$32,255","10/07/2013","$78.48","4.7","3,864","$48.51","132,282","7","AMZ","12","Home & Kitchen","Oversize","19 x 24 x 16.5 in","23.199 lb","https://www.amazon.com/dp/B00WGGEDFY"
"","","B0BYNVPKVB","Asuprui Pouf Ottoman Unstuffed,Ottoman Foot Rest, Floor Pouf, Round Pouf Seat, Floor Bean Bag Chair,Foldable Floor Chair Storage for Living Room, Bedroom (Light Gray Pouf Cover)","Asuprui","$27.00","275","7","$7,425","03/15/2023","","3.9","192","","118,906","7","FBA","1","Home & Kitchen","","","","https://www.amazon.com/dp/B0BYNVPKVB"
"","","B07C6DCZ72","Homepop Home Decor | Upholstered Round Storage Ottoman | Ottoman with Storage for Living Room & Bedroom, Teal Tweed Large","HomePop","$92.99","527","18","$49,006","11/28/2019","","4.7","421","","50,656","7","AMZ","1","Home & Kitchen","","","","https://www.amazon.com/dp/B07C6DCZ72"
"","","B0719BSYWQ","HomePop Large Upholstered Rectangular Storage Ottoman Bench with Hinged Lid, Slate Damask","HomePop","$114.99","1,146","36","$131,779","07/27/2016","$68.23","4.6","2,164","$46.76","25,917","6","AMZ","9","Home & Kitchen","Oversize","17 x 37.5 x 14 in","35.001 lb","https://www.amazon.com/dp/B0719BSYWQ"
"","","B09986PJJ6","GLAXYFUR Folding Storage Bench, Cube PU Leather Footstool with Legs, Coffee Table, Ottoman with Storage for Living Room, 23.6 x 23.6 x15 Inches, Black","GLAXYFUR","$70.99","120","3","$8,519","07/11/2021","$41.14","4.5","208","$29.85","246,087","7","FBA","1","Home & Kitchen","Oversize","23 x 6.89 x 23.8 in","18.7 lb","https://www.amazon.com/dp/B09986PJJ6"
"","","B0C3CK49XC","SONGMICS Storage Ottoman, Folding Storage Bench, Ottoman with Storage, Storage Ottoman Bench, for Living Room, Bedroom, 12.6 x 15.8 x 13.2 Inches, Black ULSF012B01","SONGMICS","$29.99","2,203","67","$66,068","07/09/2023","","4.5","2,442","","12,888","6","FBA","3","Home & Kitchen","","","","https://www.amazon.com/dp/B0C3CK49XC"
"","","B0B1MRKSB9","INSPI DECOR Storage Ottoman - Velvet Ottoman with Storage for Living Room, Black and Gold Storage Ottoman for Bedroom, Gold Ottoman with Storage, Set of 2","INSPI DECOR","$129.99","60","2","$7,799","05/17/2022","","4.5","58","","327,884","7","FBA","1","Home & Kitchen","","","","https://www.amazon.com/dp/B0B1MRKSB9"
"","","B0C58TYZTT","Round Pouf Ottoman Stuffed Floor Foot Stool Floor Pouf Chair for Living Room Bedroom Foot Rest for Couch 20 In Diameter x 12 In Height Ottoman Foot Rest with Filler (Gray White Pouf with Filler)","Asuprui","$58.30","601","11","$35,038","05/14/2023","","3.9","421","","84,602","7","FBA","1","Home & Kitchen","","","","https://www.amazon.com/dp/B0C58TYZTT"
"","","B01DGBYJU6","HomePop Round Leatherette Storage Ottoman with Lid, Moss Green Large","HomePop","$104.99","874","25","$91,761","06/02/2015","$45.27","4.7","3,531","$59.72","37,584","6","AMZ","5","Home & Kitchen","Oversize","25 x 25 x 16 in","24.95 lb","https://www.amazon.com/dp/B01DGBYJU6"
"","","B0CH8LGZG4","Dorriss Storage Ottoman, Ottoman with Storage for Living Room Square Ottoman with Tray Lid Bedroom Storage Footstool Cube Small Ottomans Foot Rest Stool with Legs Foldable Faxu Leather 15' Inches","Dorriss","$59.77","","","$1,793","09/03/2023","","","","","767,353","9","FBA","1","Home & Kitchen","","","","https://www.amazon.com/dp/B0CH8LGZG4"
"","","B0CF5LZZ7Z","Bsketa Folding Storage Ottoman Round 15Inch, Foot Stool with Thicker Foam Padded Seat Small Leather Storage Ottoman Bench Foot Rest for Living Room Foldable Coffee Table,Black","Bsketa","$26.99","240","8","$6,478","08/08/2023","","4.5","21","","112,214","6","FBA","1","Home & Kitchen","","","","https://www.amazon.com/dp/B0CF5LZZ7Z"
"","","B0C8QRCJTR","HomePop Modern Channel Tufted Ottoman Home Dcor|Ottoman for Living Room & Bedroom - Cream Boucle","HomePop","$93.99","377","14","$35,434","08/16/2023","","4.5","23","","68,324","7","AMZ","9","Home & Kitchen","","","","https://www.amazon.com/dp/B0C8QRCJTR"
"","","B0BNBMZC7N","Pouf Ottoman Unstuffed,Round Poof Ottoman Seat(No Filler),Soft Faux Fur Foot Stool, 20'x20'x12' Inches Fuzzy Chair, Floor Pouf Chair,Foot Rest with Storage for Living Room, Bedroom (Black Pouf Cover)","Asuprui","$29.00","403","10","$11,687","11/24/2022","","3.6","297","","89,361","7","FBA","1","Home & Kitchen","","","","https://www.amazon.com/dp/B0BNBMZC7N"
"","","B079S1LJ45","Homepop Home Decor | Upholstered Round Storage Ottoman | Ottoman with Storage for Living Room & Bedroom (Grey Medallion) 24.0 In. X 24.0 In. X 17.0 In.","HomePop","$77.99","397","15","$30,962","02/06/2018","","4.8","1,140","","63,470","7","AMZ","3","Home & Kitchen","","","","https://www.amazon.com/dp/B079S1LJ45"
"","","B0BCN5VQN7","OTTOMANMARRAKECH Square Leather Pouf Unstuffed - Moroccan Pouf - 18' x 18' x 14' - Genuine Goatskin Leather - Room Decor -Hassock & Ottoman Footstool - Square & Large Ottoman Pouf - Unstuffed","OTTOMANMARRAKECH","$69.99","69","2","$4,829","08/30/2022","","4.4","60","","353,760","7","FBA","1","Home & Kitchen","","","","https://www.amazon.com/dp/B0BCN5VQN7"
"","","B0BR9TVFMY","Cpintltr Linen Small Foot Stool Ottomans Multifunctional Footrest Storage Ottoman Upholstered Step Stool Seat with Solid Wood Legs Modern Accent Stools Suitable for Couch Living Room Bedroom Brown","Cpintltr","$35.99","702","26","$25,265","12/28/2022","","4.3","358","","35,682","7","FBA","1","Home & Kitchen","","","","https://www.amazon.com/dp/B0BR9TVFMY"
"","","B00KW2VCBC","COTTON CRAFT - Hand Knitted Cable Style Dori Pouf - Ivory - Floor Ottoman - Cotton Braid Cord - Handmade & Hand Stitched - Truly one of a Kind Seating - 20 Dia x 14 High","COTTON CRAFT","$67.99","639","20","$43,446","01/15/2013","$36.31","4.5","3,982","$31.68","47,492","6","FBA","5","Home & Kitchen","Oversize","19 x 19 x 13 in","5.45 lb","https://www.amazon.com/dp/B00KW2VCBC"
"","","B0CF4DLSLD","HomePop Home Decor |K7646-B307 | Upholstered Modern Rectangular Storage Ottoman | Hinged Lid Ottoman with Storage for Living Room & Bedroom, Tribal Pattern Velvet","HomePop","$82.49","426","19","$35,141","08/07/2023","","4.7","676","","50,350","7","AMZ","1","Home & Kitchen","","","","https://www.amazon.com/dp/B0CF4DLSLD"
"","","B09L1MVJRX","SIMPLIHOME Owen 34 Inch Wide Mid Century Modern Square Tray Top Storage Ottoman in Upholstered Distressed Saddle Brown Faux Leather, For the Living Room","SIMPLIHOME","$188.61","263","13","$49,604","11/03/2021","$103.15","4.6","900","$85.46","69,805","7","AMZ","8","Home & Kitchen","Oversize","26.38 x 15.35 x 34.84 in","50.27 lb","https://www.amazon.com/dp/B09L1MVJRX"
"","","B0953WQ6N7","YYW HOME Ottoman with Storage - Green Velvet Storage Ottoman for Living Room, Round Storage Ottoman, Ottoman Chair, Gold Ottoman with Storage, Accent Chair, Modern Ottoman, Pouf Ottoman Set of 2.","YYW HOME","$115.99","300","10","$34,797","05/16/2021","$76.45","4.6","292","$39.54","91,516","7","FBA","1","Home & Kitchen","Oversize","15.7 x 17.8 x 15.3 in","18.801 lb","https://www.amazon.com/dp/B0953WQ6N7"
"","","B00YLB2EEE","Homepop Home Decor | Upholstered Round Velvet Tufted Foot Rest Ottoman | Ottoman with Storage for Living Room & Bedroom | Decorative Home Furniture, Teal Small","HomePop","$92.06","1,500","48","$138,090","05/30/2015","$53.35","4.8","6,655","$38.71","18,792","7","AMZ","4","Home & Kitchen","Oversize","19.2 x 15.2 x 20.2 in","16.75 lb","https://www.amazon.com/dp/B00YLB2EEE"
"","","B0861FWHHY","REDEARTH  UNSTUFFED Square Pouf Ottoman Cover Textured Storage Boho Cube Poof, Farmhouse Pouffe Footrest for Living Room, Bedroom, Nursery, Kidsroom 100% Cotton (20x20x20; Black)","REDEARTH","$45.99","361","13","$16,602","03/16/2020","$31.76","4.2","1,427","$14.23","73,250","7","FBA","3","Home & Kitchen","Standard","10.276 x 12.362 x 5.827 in","3.951 lb","https://www.amazon.com/dp/B0861FWHHY"
"","","B08FRG9HH7","Youdesure Folding Storage Ottoman Bench, Footrest Couch for Living Room, 30 inch Storage Bench with Padded Seat for Bedroom Hallway, Holds up to 350lbs, Linen Fabric Beige","Youdesure","$38.99","777","31","$30,295","08/11/2020","$20.02","4.5","5,612","$18.97","29,914","6","FBA","3","Home & Kitchen","Oversize","15 x 2.5 x 30 in","11.4 lb","https://www.amazon.com/dp/B08FRG9HH7"
"","","B07CPLCF19","FIRST HILL FHW Grey 5th Ave Modern Charcoal Linen Upholstered Storage Ottoman, Gray","FIRST HILL FHW","$97.69","","","","08/05/2018","$53.96","4.6","3,100","$43.73","5,327","6","AMZ","1","Our Brands","Oversize","18.4 x 24.3 x 16.5 in","23.4 lb","https://www.amazon.com/dp/B07CPLCF19"
"","","B0CD1CRXQ8","SONGMICS Storage Ottoman, Foldable Velvet Storage Bench, 2 Extra Storage Boxes, 15 x 30 x 15 Inches, 660 lb Load Capacity, for Entryway, Living Room, Bedroom, Camel Brown ULSF247K03","SONGMICS","$51.99","1,788","46","$92,958","11/28/2023","","4.7","67","","19,615","6","FBA","1","Home & Kitchen","","","","https://www.amazon.com/dp/B0CD1CRXQ8"
"","","B0C745MBPF","The Knitted Co. Jute Pouf Ottoman | Footrest Pouf | Hand Braided - Round Boho Pouffe - for Living Room, Bedroom, Nursery (18'x18'x12') Brown","The Knitted Co.","$64.99","180","5","$11,698","06/10/2023","","4.4","126","","167,768","6","FBA","1","Home & Kitchen","","","","https://www.amazon.com/dp/B0C745MBPF"
"","","B0CM5VG26H","BFD 2-Tier Ottoman Coffee Table with Storage, Large Linen Square Coffee Table with Solid Wood Shelf, Farmhouse Mid Century Modern Upholstered Tufted Storage Ottoman Foot Stool for Living Room, Ivory","BFD","$229.99","75","","$17,249","10/30/2023","","5","12","","699,568","6","AMZ","1","Home & Kitchen","","","","https://www.amazon.com/dp/B0CM5VG26H"