"Export time:  2/3/2024, 4:19:39 PM","","ASIN","Product Name","Brand","Price","Monthly Units Sold","Daily Units Sold","Monthly Revenue","Date First Available","Net Revenue","Star Rating","Reviews","Amazon Fees","BSR","LQS","Seller Type","Sellers","Category","Product Tier","Dimensions","Weight","Link"
"","","B0C9PL48DM","BIKTIC SheetCube Bed Sheet Organizers and Storage,4 Pack Sheet Folder Organizer (Queen or King Size), Linen Closet Organizer for Bedding Sheets,Duvet Covers and Pillow cases,Grey","BIKTIC","$49.99","1,516","38","$75,785","07/31/2023","","4.8","372","","24,503","7","FBA","4","Home & Kitchen","","","","https://www.amazon.com/dp/B0C9PL48DM"
"Under Bed Storage with Wheels","","B0CMX7533M","Aokeyee Under Bed Storage with Wheels - Rolling Underbed Storage Containers with Clear Lids for Shoe, Clothes, Blankets, Sheets, Pillows, Dorm Room (Grey)","Aokeyee","$35.99","354","14","$12,740","11/29/2023","","4.9","23","","67,329","7","FBA","1","Home & Kitchen","","","","https://www.amazon.com/dp/B0CMX7533M"
"Average Monthly Sales: 1,196","","B0CKVP2MVH","Memobarco Under Bed Storage with Wheels and Lids, 2pcs Under Bed Storage Containers, Rolling Underbed Shoe Storage Organizer Metal Drawers, Under Bed Storage Basket & Cart with Bag Cover, Clear Window","","$35.99","150","5","$5,399","","","4.2","39","","163,603","","FBA","","Home & Kitchen","","","","https://www.amazon.com/dp/B0CKVP2MVH"
"Average Revenue: $54,858","","B0CN32RXKL","Bellzacasa Under Bed Storage with Wheels (Grey)","Bellzacasa","$39.99","111","4","$4,439","11/09/2023","","4.7","46","","215,845","5","FBA","1","Home & Kitchen","","","","https://www.amazon.com/dp/B0CN32RXKL"
"Average Price: $44.94","","B0C7K8GFL7","Innotic Under Bed Storage, Under Bed Storage with Wheels, Foldable Under Bed Shoe Storage Containers, Tool-free Assembly, Metal Underbed Storage Drawer For Clothes, Shoes, Books, Toys - 2 PACK","Innotic","$29.49","242","35","$7,137","06/06/2023","","4.8","7","","26,611","7","FBA","2","Home & Kitchen","","","","https://www.amazon.com/dp/B0C7K8GFL7"
"Average No. of Ratings: 823","","B01MRZE720","Sterilite 56 Qt Wheeled Latching Storage Box, Stackable Bin with Latch Lid, Organize Clothes, Blankets, Shoes Underbed, Clear with White Lid, (Pack of 4)","Sterilite","$63.99","9,152","295","$585,636","12/19/2016","$10.42","4.6","11,031","$53.57","1,683","7","AMZ","12","Home & Kitchen","Oversize","18.9 x 33.8 x 15.5 in","20.201 lb","https://www.amazon.com/dp/B01MRZE720"
"Average Sales Rank: 139,116","","B0B6G1X86L","Under Bed Storage Containers with Wheels, Under Bed Shoe Storage Organizer Drawer, Tool-free Assembly Metal Storage Containers for Bedroom Clothes Shoes Blankets -2PCK","PHINOX","$35.98","2,869","70","$103,227","07/12/2022","$15.56","4.6","1,949","$20.42","12,191","7","FBA","2","Home & Kitchen","Oversize","15.7 x 6.22 x 23.6 in","8.78 lb","https://www.amazon.com/dp/B0B6G1X86L"
"Average Rating Number: 4.4","","B0C9QB47R2","SpaceAid 8 Pack Bed Sheet Organizers and Storage, Foldable Sheet Organizer for Linen Closet, Sheets Set Folder Keeper with Window XL (Queen & King Size) Organizing Bedding Container, Beige","SpaceAid","$62.98","1,312","","","06/28/2023","","4.4","127","","18,158","6","FBA","2","Home & Kitchen","","","","https://www.amazon.com/dp/B0C9QB47R2"
"","","B0C9Q61MDQ","SpaceAid 6 Pack Bed Sheet Organizers and Storage, Foldable Sheet Organizer for Linen Closet, Sheets Set Folder Keeper with Window XL (Queen & King Size) Organizing Bedding Container, Black","SpaceAid","$49.98","1,028","33","$51,379","06/28/2023","","4.6","132","","28,511","6","FBA","3","Home & Kitchen","","","","https://www.amazon.com/dp/B0C9Q61MDQ"
"","","B0C5CZYMMZ","punemi Under Bed Storage With Wheels Lids 2 Pack, 8.7 inch Tall Large 50L Underbed Storage Containers W/Side & Metal Bottom Support, Clothes Storage Drawer Organizer Bin For Clothing Blanket, Grey","punemi","$52.99","522","18","$27,661","05/15/2023","","4.5","105","","52,265","7","FBA","5","Home & Kitchen","","","","https://www.amazon.com/dp/B0C5CZYMMZ"
"","","B0CG7X2L76","Beainbox Under Bed Storage with Wheels, 2 Pack UnderBed Storage Containers Organizer, Dorm Room Under the Bed Storage with Clear Lid, 6 4/5' High","Beainbox","$49.99","632","25","$31,594","10/05/2023","$24.81","4.5","47","$25.18","38,201","7","FBA","1","Home & Kitchen","Oversize","16.2 x 6.8 x 30 in","10.87 lb","https://www.amazon.com/dp/B0CG7X2L76"
"","","B0CGRXMYVW","Supowin Under Bed Storage with Wheels, Rolling Underbed Storage Containers with Lids, Under Bed Shoe Storage Bins Organizer with Reinforced Metal Bottom Support and Three Handles, 2 Pack Grey","Supowin","$49.99","1,111","37","$55,539","11/22/2023","","4.4","62","","24,673","7","FBA","1","Home & Kitchen","","","","https://www.amazon.com/dp/B0CGRXMYVW"
"","","B0C1Z145Y2","Fulpower Under Bed Storage with Wheels, 2 Pack Under Bed Storage Containers, Large Under Bed Rolling Storage with Lid, Bedroom Storage Organizer for Clothes, Shoes,Toys, Books, Blankets BLACK","Fulpower","$34.99","1,865","53","$65,256","04/09/2023","","4.4","373","","16,912","7","FBA","4","Home & Kitchen","","","","https://www.amazon.com/dp/B0C1Z145Y2"
"","","B0C16JFJJN","SheetCube 4 Pack Bed Sheet Organizers and Storage, Foldable Bedding Storage Box Container with Window and Label, Linen Closet Organizer Folder for Blanket, Duvet Cover Set, Bed Sheet Set - Grey","SUOCO","$25.49","1,436","91","$36,604","06/05/2023","","4.2","558","","8,873","6","FBA","1","Home & Kitchen","","","","https://www.amazon.com/dp/B0C16JFJJN"
"","","B0CFM7RVSC","FARZHI Bed Sheet Organizer and Storage, 4 Pack Foldable Storage Sheet Set Organizer for Bed Sheets, Duvet Covers, Pillowcases, Linen Closet Organizer for Bedding Clothes Blankets, Grey","FARZHI","$39.95","66","1","$2,637","08/13/2023","","5","10","","500,975","6","FBA","1","Home & Kitchen","","","","https://www.amazon.com/dp/B0CFM7RVSC"
"","","B0CB1SY5P2","Under Bed Storage with Wheels and Lids, Rolling Underbed Storage Containers, Metal Under the Bed Shoe Storage Organizer with Bag Cover (2 Pack Black)","BIETCR","$35.98","625","16","$22,487","07/02/2023","","4.2","189","","57,604","7","FBA","3","Home & Kitchen","","","","https://www.amazon.com/dp/B0CB1SY5P2"
"","","B0C7KG76SZ","Under Bed Storage with Wheels and Lid, Under Bed Rolling Storage with XXL Large Capacity, Under the Bed Storage for Bedroom Under Bed Storage Containers for Clothes Shoe Blanket Toy Book byAUING,2Pack","AUING","$42.99","574","28","$24,676","06/13/2023","","4.3","262","","33,557","7","FBA","2","Home & Kitchen","","","","https://www.amazon.com/dp/B0C7KG76SZ"
"","","B0BX2FVHPZ","Hwawhin Under Bed Storage Containers with Wheels, Tool-free Assembly Foldable Under Bed Shoe Storage Organizer Bins Drawer for Bedroom Clothes Blankets Shoes","Hwawhin","$25.99","242","6","$6,290","02/27/2023","","4.5","88","","150,678","7","FBA","1","Home & Kitchen","","","","https://www.amazon.com/dp/B0BX2FVHPZ"
"","","B0BNX9DW7X","Yoleduo Under Bed Storage With Wheels Under bed Storage Containers Large Metal Foldable Space-saving Under Bed Drawer Shoe Storage Organizer on Wheels for Clothes(2 pieces, Black)","Yoleduo","$35.99","2,670","106","$96,093","12/02/2022","$15.57","4.5","478","$20.42","7,322","6","FBA","4","Home & Kitchen","Oversize","15.7 x 6.22 x 23.6 in","3.86 lb","https://www.amazon.com/dp/B0BNX9DW7X"
"","","B0BW8Y1B9V","Teblei 3 Pack Under Bed Storage with Wheels & 3 Dust Bags, Under Bed Storage Containers, Tool-free Assembly Metal Under the Bed Storage, Rolling Underbed Storage For Clothes, Shoes, Blankets, Toys","Teblei","$39.99","253","9","$10,117","04/11/2023","","4.2","32","","103,779","7","FBA","1","Home & Kitchen","","","","https://www.amazon.com/dp/B0BW8Y1B9V"
"","","B0C7C15QV9","Under Bed Storage - 2 Packs Plastic Under the Bed Storage Containers with Wheels Stackable Under Bed Rolling Storage with Lid for Clothes Blanket Pillow Underwear(31.5x15.75x7.88LxWxH)-13.5Gal)","gerritfany","$112.99","189","","$21,355","06/06/2023","","4.3","52","","701,021","7","FBA","1","Home & Kitchen","","","","https://www.amazon.com/dp/B0C7C15QV9"
"","","B0C3CWYXL1","3rd Generation Under Bed Storage with Wheels 2-in-1 Underbed Storage Bins Containers Label Shoe Storage Organizer Drawer Bag Clear Window Solid Fabric for Bedroom Clothes Shoe Blanket (two-black)","JIYINGDUO","$33.99","1,428","37","$48,538","04/23/2023","","4.5","227","","25,280","7","FBA","1","Home & Kitchen","","","","https://www.amazon.com/dp/B0C3CWYXL1"
"","","B0BWDSH2M2","Under Bed Storage, Upgraded 31.5' Large Under Bed Storage with Wheels, Tool-free Assembly Metal Foldable Under Bed Drawers on Wheels for Shoes, Clothes, Toys, Blankets - Solution for Home Organization","Nonkky","$55.99","250","7","$13,998","02/20/2023","$40.86","4.1","50","$15.13","132,193","6","FBA","1","Home & Kitchen","Standard","12.2 x 3.3 x 16.9 in","5 lb","https://www.amazon.com/dp/B0BWDSH2M2"
"","","B0CH17SVLW","47.2'' Long Under Bed Storage, 57.6L Large Capacity Under Bed Storage with Wheels, Tool-free Assembly Under Bed Storage Containers, Upgraded Foldable Underbed Storage for Shoes, Clothes, Blankets","Nonkky","$89.99","180","6","$16,198","10/19/2023","","4.7","8","","139,385","6","FBA","1","Home & Kitchen","","","","https://www.amazon.com/dp/B0CH17SVLW"
"","","B0CFV682TJ","Wocst Under Bed Storage,Upgraded 31.5' Large Under Bed Rolling Storage with Lid,2 Pack Under Bed Shoe Storage for Clothes Toy Book Blanket(Black)","Wocst","$36.99","324","9","$11,985","01/06/2023","$14.14","4.5","96","$22.85","98,015","6","FBA","1","Home & Kitchen","Oversize","15.8 x 6.22 x 31.5 in","7.34 lb","https://www.amazon.com/dp/B0CFV682TJ"
"","","B0C3D5F5XR","GILIKOKO Under Bed Storage with Wheel, 35 x 16 x 6 Inches Under Bed Shoe Storage Organizer, Bedroom Under Bed Large Storage Cart for Clothes, Toys, Shoes, Books, Blankets, 2 Pack","GILIKOKO","$16.99","53","7","$900.47","04/23/2023","$-3.62","3.6","71","$20.61","126,814","7","FBA","1","Home & Kitchen","Oversize","16 x 6 x 35 in","6 lb","https://www.amazon.com/dp/B0C3D5F5XR"
"","","B0CNPRGTSN","Aokeyee Under Bed Storage with Wheels - Rolling Underbed Storage Containers with Clear Lids for Shoe, Clothes, Blankets, Sheets, Pillows, Dorm Room (Black)","Aokeyee","$37.99","376","14","$14,284","11/29/2023","","4.9","23","","67,329","7","FBA","1","Home & Kitchen","","","","https://www.amazon.com/dp/B0CNPRGTSN"
"","","B0C645VJT8","Feverdes Under Bed Storage with Wheels, Rolling Drawers Shoe Organizer with HandlesClear Window & Solid FabricUnder Bed Storage Containers for Clothes, Toy, Book (2 PACK)","Feverdes","$27.99","1,155","11","$32,328","05/23/2023","","4.4","82","","81,934","7","FBA","1","Home & Kitchen","","","","https://www.amazon.com/dp/B0C645VJT8"
"","","B0CGD9QV3W","boailydi Under Bed Storage with Wheels & Lid, 2PCS Underbed Storage Container, 29.5 x 15.7 x 8.7 in Tall, Blankets Clothes Comforters Shoe Storage Bag Drawers, Rolling Zippered Organizer Bin -Black","boailydi","$39.99","404","6","$16,156","10/09/2023","$14.41","4.2","96","$25.58","135,778","7","FBA","1","Home & Kitchen","Oversize","15.7 x 8.7 x 29.5 in","8.5 lb","https://www.amazon.com/dp/B0CGD9QV3W"
"","","B0CBPQYF77","Under Bed Storage - 3 Pack, Stackable Under Bed Storage Containers with Wheels, Folding Plastic Storage Box with Lidunder Bed Storage Bins Drawer for Clothes, Shoes,Blankets","Corbyles","$92.99","848","26","$78,856","08/21/2023","","4.5","113","","36,295","7","FBA","2","Home & Kitchen","","","","https://www.amazon.com/dp/B0CBPQYF77"
"","","B0BZ8JBN1J","Under Bed Storage, Closet Organizer System, Underbed Storage with Wheels, 57.5Qt Folding Blanket Storage, Laundry Room Organization, Closet Organizer with Lids, Stackable Clothing Storage (2 Pack)","HAIXIN","$129.99","2,546","288","$330,955","03/21/2023","","4.5","81","","1,748","7","FBA","2","Home & Kitchen","","","","https://www.amazon.com/dp/B0BZ8JBN1J"
"","","B0CHJ9MXJD","GoMaihe Under Bed Storage with Wheels: XXL 48L Underbed Storage Containers with Clear Lids - Rolling Drawers & Bins for Shoes Clothes in Dorm Bedroom - Space-Saving Easy Pull-out Black 2-Pack","GoMaihe","$36.99","3,548","32","$131,241","09/06/2023","","4.4","229","","29,459","7","FBA","1","Home & Kitchen","","","","https://www.amazon.com/dp/B0CHJ9MXJD"
"","","B0CH3P4VXZ","2 Pack Under Bed Storage with Wheels, 37L Large Capacity Under Bed Storage Containers with Clear Lid, Handles, Label, Rolling Under Bed Shoe Storage Organizer for Clothes Toys Shoes Blankets (Black)","INVOCOO","$34.59","150","5","$5,189","10/22/2023","","4.4","44","","162,764","7","FBA","1","Home & Kitchen","","","","https://www.amazon.com/dp/B0CH3P4VXZ"
"","","B0C1GH5LW6","VyGrow Under Bed Storage with Wheels 2Pack & Removable Dust Bags 2Pack, Metal Under Bed Shoe Storage, Tool-free Assembly Under Bed Storage Containers for Clothes, Shoes, Blankets","VyGrow","$32.99","404","8","$13,328","12/29/2022","","4.3","157","","114,733","6","FBA","1","Home & Kitchen","","","","https://www.amazon.com/dp/B0C1GH5LW6"
"","","B0CM6V8QFM","FOUCSSOMEI Under Bed Storage with Wheels, Under Bed Drawers Heavy Duty, 2 Packs, Wooden Under Bed Storage Containers Organizer, Metal Frame, for Clothes Books Blankets, Patented Design","FOUCSSOMEI","$49.99","462","11","$23,095","12/06/2023","$27.47","4.1","10","$22.52","82,096","6","FBA","1","Home & Kitchen","Oversize","15.75 x 6.3 x 23.62 in","11 lb","https://www.amazon.com/dp/B0CM6V8QFM"
"","","B0042G1P7K","Sterilite 60 Qt ClearView Latch Wheeled Underbed Storage Box, Stackable Bin with Lid, Plastic Container to Organize Underbed, Clear Base, Lid 4-Pack","Sterilite","$79.96","3,074","80","$245,797","01/05/2012","$19.16","4.5","6,832","$60.80","2,997","7","AMZ","6","Kitchen & Dining","Oversize","19.75 x 35.75 x 16.25 in","23.301 lb","https://www.amazon.com/dp/B0042G1P7K"
"","","B0CJ29LCXV","HUWAILE 60L Large Capacity Under Bed Storage with Wheels-Under Bed Storage Containers-Under Bed Storage Drawer-Under Bed Storage Organizer for Clothes, Blankets, Shoes, Books, and Toys (2 Pack)","HUWAILE","$39.99","330","11","$13,197","09/13/2023","$24.26","4.6","60","$15.73","81,942","7","FBA","1","Home & Kitchen","Standard","6 x 4 x 16 in","9.57 lb","https://www.amazon.com/dp/B0CJ29LCXV"
"","","B0CKQWDFXK","Atronor Under Bed Storage with Wheels - Under Bed Shoe Storage Organizer - Large, Metal, Detachable Under Bed Storage Container for Clothes, Shoes, Bedding, Blankets, and More","Atronor","$19.99","90","3","$1,799","10/08/2023","","4.7","27","","261,322","7","FBA","1","Home & Kitchen","","","","https://www.amazon.com/dp/B0CKQWDFXK"
"","","B0BRMK244Y","punemi Under Bed Storage with Wheels & Removable Bags, 2 Pcs Underbed Storage Containers Rolling Drawers with Handle, Metal Under Bed Shoe Organizers for Clothes Toys, Tool-free Assembly -Black","punemi","$39.99","256","7","$10,237","02/16/2023","$18.97","4","230","$21.02","133,049","7","FBA","4","Home & Kitchen","Oversize","15.7 x 6.2 x 23.6 in","10.13 lb","https://www.amazon.com/dp/B0BRMK244Y"
"","","B0CJ2LZYNY","Under Bed Storage with Wheels, Under Bed Storage Containers Metal Foldable Space-Saving Under Bed Drawer Shoe Storage Bins Organizer on Wheels for Clothes Books (2 Pack Black)","DTUQYX","$25.99","622","11","$16,166","09/13/2023","$14.46","4.2","43","$11.53","84,533","7","FBA","2","Home & Kitchen","Standard","10 x 2 x 12 in","7.92 lb","https://www.amazon.com/dp/B0CJ2LZYNY"
"","","B0CHDZ4XVJ","JEPEErbz Under Bed Storage with Wheels 2 Packs, Underbed Storage Containers with Lid, Under the Bed Storage Bins, Rolling Under Bed Storage Drawers for Clothes, Shoes, Blankets, Toys (Black)","JEPEErbz","$39.98","60","2","$2,399","","","4.4","26","","384,446","","FBA","","Home & Kitchen","","","","https://www.amazon.com/dp/B0CHDZ4XVJ"
"","","B0CGXC5GSS","36'' Long Under Bed Storage With Wheels: Under Bed Storage Containers, 54L Large Capacity Under bed Shoes Blankets Clothes Toy Storage Drawers For College Dorms Bedrooms Nursery Rooms (2 PACK)","Eastherry","$49.95","196","9","$9,790","08/29/2023","$22.12","4.6","25","$27.83","104,975","7","FBA","2","Home & Kitchen","Oversize","16.5 x 7.28 x 35.43 in","9.23 lb","https://www.amazon.com/dp/B0CGXC5GSS"
"","","B0C32S1J3F","Under Bed Storage Containers, Stackable Under Bed Rolling Storage Plastic Containers, 11.5Gal Storage Bins with Wheels, Multi-purpose Storage Bins with Lids for Clothes, Shoes, And Duvets","Luseba","$69.99","883","26","$61,801","04/29/2023","","4.5","136","","35,584","6","FBA","4","Home & Kitchen","","","","https://www.amazon.com/dp/B0C32S1J3F"
"","","B0BN1SCDNS","BIETCR under bed storage containers with wheels,metal underbed storage organizer drawers for Bedroom Clothes Shoes Blankets (2PCK.BLACK)","BIETCR","$33.95","897","23","$30,453","11/20/2022","$20.93","4.5","435","$13.02","40,419","7","FBA","2","Home & Kitchen","Standard","15.3 x 2.9 x 11.4 in","8.53 lb","https://www.amazon.com/dp/B0BN1SCDNS"
"","","B094J8QKF3","90L Under Bed Storage Containers, 6 Pack Underbed Closet Storage Organizer System, Moving Bags with Clear Window and Reinforced Handles for Bedding Pillows Blanket Clothes Wardrobe Bedroom","Budding Joy","$29.98","16,317","409","$489,184","05/09/2021","$19.05","4.2","6,078","$10.93","973","7","FBA","1","Home & Kitchen","Standard","10.51 x 11.42 x 4.49 in","3.841 lb","https://www.amazon.com/dp/B094J8QKF3"
"","","B0C4LG13X1","StorageWorks Under Bed Storage with Wheels, Underbed Storage Containers with Handles, Rolling Storage Organizers for Clothes, Blankets, Beige, 2-Pack","StorageWorks","$49.99","210","7","$10,498","08/16/2023","","4.3","56","","133,540","7","FBA","1","Home & Kitchen","","","","https://www.amazon.com/dp/B0C4LG13X1"
"","","B0C72QCTQ7","Fokyfok 2 pack Under the Bed Storage Containers,36' Underbed Storage with Wheels,Under Bed Shoe Storage,Under Bed Rolling Storage,Large Under Bed Storage,Underbed Drawers,Underbed Storage with Lid","Fokyfok","$69.99","688","17","$48,153","10/08/2023","","4.3","70","","54,202","7","FBA","1","Home & Kitchen","","","","https://www.amazon.com/dp/B0C72QCTQ7"
"","","B0CN46YLQT","bubbacare 2 Pack Underbed Storage Box, 56L Large Capacity Underbed Storage Bins with Wheels Zipper Clear Window Lids, Removable Clothes Organizer for Clothes Bedding Blankets Quilts Toys Shoes","bubbacare","$59.99","30","1","$1,800","12/27/2023","","4.9","62","","457,441","","FBA","1","Home & Kitchen","","","","https://www.amazon.com/dp/B0CN46YLQT"
"","","B0CMXVDY9F","Underbed Storage with Wheels 2-in-1Under Bed Drawers Storage Containers,50L Large Capacity Rolling Under Bed Storage with Lid,Bedroom Storage Organizer for Clothes,Shoes,Toys,Books,Blankets Gray-1Pack","Generic","$32.99","15","","$494.85","11/07/2023","","4.3","17","","958,740","","FBA","1","Home & Kitchen","","","","https://www.amazon.com/dp/B0CMXVDY9F"
"","","B0C9TWRWYS","ENJOYBASICS Under Bed Storage with Wheels, 50L Large Metal UnderBed Shoe Storage Container Drawer with Clear Lid, 36'' Rolling Under the Bed Storage Solution for Clothes, Blankets, Books, Toys-2 Pack","ENJOYBASICS","$37.99","210","7","$7,978","06/29/2023","","4.3","35","","124,943","7","FBA","1","Home & Kitchen","","","","https://www.amazon.com/dp/B0C9TWRWYS"
"","","B0CP49CH76","MURBONE Under Bed Storage with Wheels Containers Shoe Storage Organizer Drawer, Metal Foldable Under Bed Drawers on Wheels for Shoes, Clothes, Toys, Blankets (2 Pack)","MURBONE","$25.99","269","7","$6,991","11/27/2023","$7.83","4.3","55","$18.16","119,721","7","FBA","1","Home & Kitchen","Oversize","15 x 6 x 22.5 in","8.51 lb","https://www.amazon.com/dp/B0CP49CH76"
"","","B0C1RHW9K8","Guntsous 2 PCS Under Bed Storage Containers, Under Bed Shoe Storage With Wheels, Foldable Bedroom Storage Organization with Handles,Best For Clothes, Blankets And Shoes, Bedding","Guntsous","$29.99","30","","$899.70","04/06/2023","","4.6","12","","758,640","6","FBA","1","Home & Kitchen","","","","https://www.amazon.com/dp/B0C1RHW9K8"
"","","B0CBV557HH","HOOBRO Under Bed Storage with Wheels, 2 Pack Under Bed Storage Containers, Metal Foldable Under Bed Drawer, Space-saving, Tool-free Assembly, for Clothes, Blanket, Shoes, White WT01BSP201","HOOBRO","$31.99","339","11","$10,845","10/14/2023","$14.07","5","6","$17.92","85,460","7","FBA","2","Home & Kitchen","Oversize","15.7 x 4.3 x 23.6 in","9.25 lb","https://www.amazon.com/dp/B0CBV557HH"
"","","B0C48YZBZL","Hersance Under Bed Storage with Wheels,2 Pack Underbed Storage Containers Drawers with Dustproof Lid,Under bed Shoe Storage Rolling Plastic Underbed Bins for Clothes Shoes Toys Bedding","Hersance","$19.99","57","3","$1,139","05/03/2023","","3.4","5","","295,559","7","FBA","1","Home & Kitchen","","","","https://www.amazon.com/dp/B0C48YZBZL"
"","","B0CB63ZTVD","Kmise Underbed Storage With Wheels,2 Pcs Metal Under Bed Storage Containers For Bedroom Clothes Blankets Toy Book Bedding Shoes Storage Organizer","Kmise","$27.99","180","6","$5,038","07/09/2023","","4.3","62","","136,519","7","FBA","1","Home & Kitchen","","","","https://www.amazon.com/dp/B0CB63ZTVD"
"","","B081W2NRVK","HOMZ Large 56 Quart Full/Queen Stackable Underbed Clear Plastic Ergonomic Latching Storage Container with Rolling Wheels, 2 Pack","HOMZ","$62.99","926","19","$58,329","11/21/2019","$23.32","4.5","3,575","$39.67","49,872","7","AMZ","8","Home & Kitchen","Oversize","27.9 x 31.7 x 8.9 in","12.789 lb","https://www.amazon.com/dp/B081W2NRVK"
"","","B0C6QFLHQR","Mr IRONSTONE Under Bed Storage Containers with Wheels, Upgraded Large Metal Under Bed Shoe Storage Holds Up to 80LBS, Rolling Under Bed Drawers Organizer for Clothes Toys Books Blanket (2 Pack, Black)","Mr IRONSTONE","$49.98","186","3","$9,296","05/30/2023","$23.66","4.3","91","$26.32","270,186","7","FBA","2","Home & Kitchen","Oversize","16.73 x 8.66 x 25.39 in","10.96 lb","https://www.amazon.com/dp/B0C6QFLHQR"
"","","B07SK9TMWY","NestNeatly SmartCube Underbed Storage Bag, 3 Large Bins with Reinforced Handles Foldable Containers","NestNeatly","$22.88","4,438","132","$101,541","05/29/2019","$12.72","4.3","13,276","$10.16","5,525","6","FBA","3","Home & Kitchen","Standard","11.575 x 14.449 x 3.622 in","1.537 lb","https://www.amazon.com/dp/B07SK9TMWY"
"","","B0BZ7T52PP","NADAMOO Under Bed Storage with Wheels, 1 Pack Rolling Under Bed Storage Containers, Foldable Metal Under the Bed Organizer Bins for Bedroom Clothes Shoes Blankets","","$29.99","","","","","","4.2","90","","","","FBA","","","","","","https://www.amazon.com/dp/B0BZ7T52PP"