"Export time:  2/11/2024, 3:10:05 AM","","ASIN","Product Name","Brand","Price","Monthly Units Sold","Daily Units Sold","Monthly Revenue","Date First Available","Net Revenue","Star Rating","Reviews","Amazon Fees","BSR","LQS","Seller Type","Sellers","Category","Product Tier","Dimensions","Weight","Link"
"","","B084H7K9LY","Glass Food Storage Containers with Bamboo Lids (4 Pack, 36 Ounce) Eco Friendly Meal Prep Containers Airtight  Plastic Free, BPA Free","Verel","$38.97","1,773","49","$69,094","05/03/2020","$25.49","4.4","1,975","$13.48","5,364","6","FBA","3","Kitchen & Dining","Standard","9.2 x 11.7 x 7.1 in","7.851 lb","https://www.amazon.com/dp/B084H7K9LY"
"Glass Food Storage Containers with Bamboo Lids","","B0C855MPQ3","Utile Thick Glass Food Jar Set with Pine Wood Lid, 4PCS of Vol.440ml, 1PC of Vol.1080ml, Sturdy Glass Airtight Canisters set for Cookie, Pasta, Coffee Beans, 4045.2002.1","Utile","$31.99","","","$0.00","06/14/2023","$24.96","4.4","9","$7.03","1,195,643","6","FBA","1","Kitchen & Dining","Standard","6.3 x 2.4 x 8.4 in","4.71 lb","https://www.amazon.com/dp/B0C855MPQ3"
"Average Monthly Sales: 1,764","","B0C85561NJ","Utile Thick Glass Food Jar with Pine Wood Lid, 6 PCS of Vol.290ml/9.8oz, Sturdy Glass Airtight Canisters set for Cookie, Pasta, Coffee Beans, 4045.0101.6","Utile","$24.99","","","$0.00","06/14/2023","$15.56","4.1","13","$9.43","331,737","6","FBA","1","Kitchen & Dining","Standard","4.7 x 2.1 x 8.2 in","3.16 lb","https://www.amazon.com/dp/B0C85561NJ"
"Average Revenue: $60,023","","B089Y57S9L","Urban Green Glass Jars with Wood Lids, 6 Sets, Food Storage Containers, 3.7in Canister Diameter, Oven Safe, Reusable, BPA Free","Urban Green","$36.99","324","15","$11,985","04/29/2020","$23.81","4.3","1,118","$13.18","18,540","7","FBA","1","Kitchen & Dining","Standard","12.9 x 5.9 x 13 in","5.31 lb","https://www.amazon.com/dp/B089Y57S9L"
"Average Price: $31.77","","B0C4SML7SY","Vtopmart Glass Food Storage Containers with Bamboo Lids, 4 Pack Meal Prep Glass Containers Bento Lunch Box, Safe for Microwave, Oven, Freezer and Dishwasher, BPA Free","Vtopmart","$24.99","669","28","$16,718","05/09/2023","$13.91","4.2","51","$11.08","9,964","7","FBA","2","Kitchen & Dining","Standard","5.8 x 2.6 x 7.8 in","6.27 lb","https://www.amazon.com/dp/B0C4SML7SY"
"Average No. of Ratings: 1,204","","B0BN35LN44","Gencywe Glass Storage Jars with Airtight Bamboo Lid, 27 OZ, Black, Clear Glass, Silicone, 6 Packs","Gencywe","$25.99","937","31","$24,353","11/21/2022","$15.36","4.6","231","$10.63","8,721","7","FBA","3","Kitchen & Dining","Standard","6 x 7 x 5 in","4.8 lb","https://www.amazon.com/dp/B0BN35LN44"
"Average Sales Rank: 46,144","","B0B27X7HFZ","Vtopmart Glass Food Storage Jars, 7 Pack Food Containers with Airtight Bamboo Wooden Lids for Pasta, Cookies, Nuts, Coffee Beans, Cereal, Glass Canisters for Kitchen, Pantry Organization, BPA Free","Vtopmart","$26.99","2,691","95","$72,630","05/24/2022","$15.91","4.5","1,230","$11.08","2,428","6","FBA","2","Kitchen & Dining","Standard","3.93 x 11.81 x 11.81 in","5.35 lb","https://www.amazon.com/dp/B0B27X7HFZ"
"Average Rating Number: 4.5","","B07S37N2FY","GREENER CHEF Glass Food Storage Containers with Lids (Bamboo) - 4 Piece Value Set - The Most Ecofriendly Glass Containers - Airtight, Glass Meal Prep Containers or Glass Food Containers","Greener Chef","$24.99","557","17","$13,919","10/15/2019","$13.31","4.2","2,039","$11.68","16,181","6","FBA","2","Kitchen & Dining","Standard","9.65 x 6.85 x 11.57 in","8.11 lb","https://www.amazon.com/dp/B07S37N2FY"
"","","B09WY8C75F","NEPIVEL 4 Pack Glass Jars with Bamboo Lids, 18.5Oz Containers Airtight Lid and Spoons,100% Sealed Spice for Candy Coffee Beans Sugar Nuts Cookies,540ml","NEPIVEL","$23.90","780","26","$18,642","05/06/2022","$14.32","4.6","467","$9.58","10,658","7","FBA","4","Kitchen & Dining","Standard","7.48 x 11.2 x 5.43 in","1.78 lb","https://www.amazon.com/dp/B09WY8C75F"
"","","B0CC5TTFRC","AISIPRIN Glass Food Storage Containers with Bamboo Lids,5 Pack Airtight Glass Jars with Screw On Lid, Pasta, Cereal, Sugar Flour Containers Storage, Kitchen Canisters 80oz 50oz 27oz With 42 Lables","","$29.51","390","13","$11,509","10/03/2023","","4.7","85","","20,921","","FBA","","Kitchen & Dining","","","","https://www.amazon.com/dp/B0CC5TTFRC"
"","","B0C3326YT5","Urban Green Glass Food Container Set with Glass Lid, 4 Pack, Glass Food Containers with Silicone Framed Glass Lid, Airtight, Leakproof, 100% Plastic Free, Glass Meal Prep Containers","Urban Green","$39.99","899","29","$35,951","04/19/2023","$26.96","4.6","77","$13.03","9,587","7","FBA","2","Kitchen & Dining","Standard","8.46 x 3.46 x 10.13 in","5.71 lb","https://www.amazon.com/dp/B0C3326YT5"
"","","B0CGNTQNQK","FS TRENDS 16PCs Glass Baby Food Storage Containers 4 Oz Baby Food Storage Jars with Airtight Lids 6 Assorted Colors, Leak Proof, Reusable Small Containers, Freezer Storage & Microwave Safe","FS TRENDS","$21.99","30","1","$659.70","08/25/2023","","4.7","12","","41,671","7","FBA","1","Baby","Oversize","14.25 x 3.82 x 14.25 in","6.98 lb","https://www.amazon.com/dp/B0CGNTQNQK"
"","","B08C565DRV","ComSaf Airtight Glass Storage Canister with Wood Lid (50oz), Clear Food Storage Container Jar with Sealing Bamboo Lid for Noodles Flour Cereal Rice Sugar Tea Coffee Beans, Set of 3","ComSaf","$34.99","3,646","138","$127,574","06/30/2020","$22.71","4.5","3,563","$12.28","1,461","6","FBA","8","Kitchen & Dining","Standard","10.315 x 14.606 x 5.472 in","3.721 lb","https://www.amazon.com/dp/B08C565DRV"
"","","B09KR7WXJF","ComSaf Glass Storage Containers with Lids 37fl.oz, Glass Jars with Bamboo Lids, Clear Food Storage Jar, Glass Canister For Pantry Noodles Flour Cereal Rice Sugar Tea Coffee Beans, Square Set of 4","ComSaf","$34.99","3,561","138","$124,599","10/31/2021","$22.71","4.5","3,563","$12.28","1,461","6","FBA","7","Kitchen & Dining","Standard","9.76 x 14.8 x 5.39 in","3.92 lb","https://www.amazon.com/dp/B09KR7WXJF"
"","","B0CNGMLPNJ","ComSaf 45oz Glass Storage Containers with Lids, Glass Jars with Bamboo Lids, Clear Food Storage Jar, Square Glass Canister Set of 3, Pantry Organizers and Storage for Flour Oat Pasta Tea Coffee Bean","","$26.99","810","27","$21,862","","","4.4","13","","10,428","","FBA","","Kitchen & Dining","","","","https://www.amazon.com/dp/B0CNGMLPNJ"
"","","B0CMWLVJGT","CZZGSM 6 Pack Square Glass Kitchen Storage Jars with Airtight Bamboo Lids and 132 Pantry Labels - 35oz Glass Canisters With Wood Lids - Glass Food Storage Containers for Coffee, Cookie, Tea, Spice","CZZGSM","$33.79","252","16","$8,515","11/07/2023","$16.74","4.7","20","$17.05","17,715","7","FBA","1","Kitchen & Dining","Oversize","11 x 10 x 11 in","6.28 lb","https://www.amazon.com/dp/B0CMWLVJGT"
"","","B0BL98DLWQ","Vtopmart 15 Pack Glass Food Storage Containers, Meal Prep Containers, Airtight Glass Bento Boxes with Leak Proof Locking Lids, for Microwave, Oven, Freezer and Dishwasher","Vtopmart","$38.98","2,754","65","$107,351","11/02/2022","$23.70","4.7","1,138","$15.28","3,886","7","FBA","5","Kitchen & Dining","Standard","13.27 x 6.34 x 14.84 in","13.69 lb","https://www.amazon.com/dp/B0BL98DLWQ"
"","","B09KHFR6MY","MR.SIGA 4 Pack Airtight Food Storage Container Set, BPA Free Kitchen Pantry Organization Canisters with One-handed Leak Proof Lids, 1L / 33.8oz, Medium, White","MR.SIGA","$29.99","1,827","55","$54,792","10/26/2021","$19.70","4.4","904","$10.29","4,676","7","FBA","1","Kitchen & Dining","Standard","4.2 x 6.3 x 4.2 in","2.94 lb","https://www.amazon.com/dp/B09KHFR6MY"
"","","B07XYMYLTR","W&P Porter Seal Tight Glass Lunch Bowl Container w/Lid Blush 24 Ounces Leak & Spill Proof, Soup & Stew Food Storage, Meal Prep, Airtight, Microwave and Dishwasher Safe, BPA-Free Glass","W&P","$30.00","5,373","145","$161,190","09/15/2019","$20.98","4.7","2,257","$9.02","1,367","7","AMZ","7","Kitchen & Dining","Standard","4.43 x 4.57 x 4.43 in","12.5 oz","https://www.amazon.com/dp/B07XYMYLTR"
"","","B0CGHTF85R","Glass Food Storage Jars 37 oz Set of 6,Glass Storage Containers Clear Glass Food Canister with Bamboo Lid Airtight For Serving Tea, Coffee, Flour, Sugar, Candy, Cookie, Spice and More (Square)","Liuruiyu","$26.99","2,431","81","$65,613","11/01/2023","","4.7","1,181","","2,949","7","FBA","2","Kitchen & Dining","","","","https://www.amazon.com/dp/B0CGHTF85R"
"","","B0CNXS8VW8","ComSaf 56oz Glass Storage Containers with Lids, Glass Jars with Bamboo Lids, Clear Food Storage Jar, Round Glass Canister Set of 3, Pantry Organizers and Storage for Pasta Flour Rice Tea Coffee Bean","ComSaf","$22.99","704","27","$16,185","01/06/2024","$13.11","4.8","12","$9.88","10,093","7","FBA","1","Kitchen & Dining","Standard","4 x 9.45 x 9.45 in","3.61 lb","https://www.amazon.com/dp/B0CNXS8VW8"
"","","B09TFZRQL5","Bloomondo Empty Spice Jars with Label Pack (12x Bamboo Lid Glass Jar). Small 6oz Spice Storage Bottles with 112 Printed Spice Labels Stickers and 48 Writable Pantry Labels for Seasoning Containers","Bloomondo","$38.99","1,342","36","$52,325","03/15/2022","$26.27","4.8","509","$12.72","7,601","7","FBA","3","Kitchen & Dining","Standard","12.598 x 14.528 x 3.858 in","4.054 lb","https://www.amazon.com/dp/B09TFZRQL5"
"","","B09X9PC3ZN","Urban Green Glass Jar with Bamboo Lid, Square Shape Glass Jars with Airtight Lids, Glass food storage Container set. Glass Canister Set for Kitchen, Glass Pantry Jars. (3 Pack of 48oz)","Urban Green","$25.99","329","8","$8,551","11/29/2020","$15.66","4.4","513","$10.33","32,481","7","FBA","1","Kitchen & Dining","Standard","10 x 10 x 5 in","3.65 lb","https://www.amazon.com/dp/B09X9PC3ZN"
"","","B0BXPNF1C6","SAIOOL Kitchen Canisters Set of 6-8.5oz Glass Spice Jars With Acacia Airtight Lid and Labels Round Spice Bottles for kitchen Seasoning Baby Food Kids Snacks Meal Prep Containers Candle","SAIOOL","$27.99","870","29","$24,351","03/06/2023","$17.36","4.6","1,967","$10.63","9,394","6","FBA","1","Kitchen & Dining","Standard","7 x 10 x 6 in","3.13 lb","https://www.amazon.com/dp/B0BXPNF1C6"
"","","B0BTZ3QH15","EcoPreps Glass Food Storage Containers with Bamboo Lids【4 Pack】100% Plastic Free, Eco-Friendly, Oven & Microwave Safe Glass Meal Prep Containers, Glass Lunch Containers | Bamboo Lid Storage Containers","EcoPreps","$44.95","459","9","$20,632","02/05/2023","$30.58","4.4","126","$14.37","29,155","7","FBA","1","Kitchen & Dining","Standard","7 x 6 x 9 in","7.13 lb","https://www.amazon.com/dp/B0BTZ3QH15"
"","","B08B4WDZ4L","DE Glass Food Storage Containers with Bamboo Lids (3 Pack, 51 Ounce) Eco Friendly Meal Prep Containers Reusable  Airtight, Plastic Free, BPA Free","DE","$39.99","514","15","$20,555","07/12/2023","$26.36","4.4","1,234","$13.63","19,087","6","FBA","1","Kitchen & Dining","Standard","7 x 9 x 9 in","7.74 lb","https://www.amazon.com/dp/B08B4WDZ4L"
"","","B0C61CQ3N4","AMOTIE Set of 3 Glass Food Storage Containers with Airtight Bamboo Lid, Glass Storage Canisters, Large Glass Food Jar, Glass Flour and Sugar Containers","AMOTIE","$20.99","140","4","$2,939","05/22/2023","$11.41","4.6","40","$9.58","57,759","6","FBA","1","Kitchen & Dining","Standard","4 x 5 x 4 in","3.55 lb","https://www.amazon.com/dp/B0C61CQ3N4"
"","","B092YVHDLM","Urban Green Glass Containers with Bamboo Lids, Glass Storage Containers, Bamboo Glass with Lids, Bamboo Lid Glass Containers, Oven, Freezer, Microwave Safe, Pack of 4, 35oz","Urban Green","$38.89","487","9","$18,939","10/19/2019","$25.13","4.2","2,205","$13.76","30,976","6","FBA","1","Kitchen & Dining","Standard","6.693 x 11.772 x 8.858 in","8.091 lb","https://www.amazon.com/dp/B092YVHDLM"
"","","B07XNMC4L4","LEAVES AND TREES Y Stackable Kitchen Canisters Set, Pack of 5 Clear Glass Food Storage Jars Containers with Airtight Bamboo Lid for Candy, Cookie, Rice, Sugar, Flour, Pasta, Nuts","LEAVES AND TREES Y","$25.98","869","28","$22,577","09/07/2019","$14.45","4.7","3,447","$11.53","9,821","6","FBA","2","Kitchen & Dining","Standard","13.58 x 5.51 x 14.06 in","6.95 lb","https://www.amazon.com/dp/B07XNMC4L4"
"","","B09YY3JQ59","ComSaf Airtight Glass Food Storage Jars Set of 6, Clear Glass Food Storage Container with Sealing Bamboo Wooden Lid, Stackable Spice Jar, Kitchen Canister for Sugar, Tea, Coffee beans, Flour and Pasta","ComSaf","$29.99","1,686","46","$50,563","06/16/2022","$18.46","4.6","5,039","$11.53","5,816","7","FBA","4","Kitchen & Dining","Standard","10.276 x 14.291 x 5.433 in","3.938 lb","https://www.amazon.com/dp/B09YY3JQ59"
"","","B0B79YV58S","20 OZ Glass Food Storage Jars with 132 Pantry Labels Preprinted - 6 Pcs Thicken Glass Storage Containers with Airtight Bamboo Lid - Clear Kitchen Canister for Spice, Tea, Coffee, Sugar, Cookie, Candy","HHMJSM","$27.89","944","27","$26,328","07/21/2022","$16.38","4.6","1,249","$11.51","10,245","7","FBA","1","Kitchen & Dining","Standard","11.38 x 4.96 x 15.67 in","1.25 lb","https://www.amazon.com/dp/B0B79YV58S"
"","","B0CFG2KTR3","Micheva Trading Company Extra Large Airtight Glass Food Storage Containers with Bamboo Lids, 100 FL OZ (3000 ml), 2-Pack","Micheva Trading Company","$25.98","86","3","$2,234","08/10/2023","$14.15","4.7","13","$11.83","87,647","6","FBA","1","Kitchen & Dining","Standard","7.5 x 10.5 x 14.5 in","4.88 lb","https://www.amazon.com/dp/B0CFG2KTR3"
"","","B0CN4MNXX7","Spreccio Set of 6 Airtight Glass Jars with Bamboo Lids and Spoons, 22 OZ Glass Food Storage Jars Perfect for Coffee, Tea, Sugar, Spices, Beans, and More","Spreccio","$27.99","172","6","$4,814","11/10/2023","$18.00","5","1","$9.99","47,067","7","FBA","1","Kitchen & Dining","Standard","3.34 x 4.72 x 3.34 in","2.87 lb","https://www.amazon.com/dp/B0CN4MNXX7"
"","","B08B6CSCNL","Dabacc 4 Pack Glass Jars with Airtight Bamboo Lids, Glass Kitchen Canisters Clear Container for Food Storage of Dry Goods, Cookie, Candy, Spices, Coffee Beans and More, 18.6 OZ","Dabacc","$20.99","580","18","$12,174","06/14/2020","$12.05","4.6","876","$8.94","15,748","7","FBA","1","Kitchen & Dining","Standard","3.94 x 3.94 x 3.94 in","2.97 lb","https://www.amazon.com/dp/B08B6CSCNL"
"","","B0BDFVTF19","Tessco 5 Pieces Glass Containers with Bamboo Lids 36 oz/ 1040 ml Airtight Glass Food Storage Containers Microwave Oven Freezer Glass Bowls with Lids for Lunch Meal Pantry Cabinet Organization","Tessco","$38.99","50","","$1,950","11/02/2022","","3.4","28","","214,187","7","FBA","1","Kitchen & Dining","","","","https://www.amazon.com/dp/B0BDFVTF19"
"","","B0BFB68B4Z","ComSaf 111 oz Glass Food Storage Containers, Glass Flour and Sugar Containers with Airtight Lids, Large Square Glass Jars with Bamboo Lids for Rice, Pasta, Oats, Grains, Cookies, Coffee Beans","ComSaf","$26.99","1,837","80","$49,581","11/10/2022","","4.6","1,778","","3,014","6","FBA","1","Kitchen & Dining","","","","https://www.amazon.com/dp/B0BFB68B4Z"
"","","B09ZTWSXNF","Glass Containers with Bamboo Lids, Large Glass Food Storage Container Set, Glass Food Containers with Lids, Bamboo Lid Glass Meal Prep Containers, Oven, Freezer, Microwave Safe, Pack of 2, 44oz","Urban Green","$29.99","246","7","$7,378","04/25/2022","$18.46","3.8","428","$11.53","37,181","7","FBA","1","Kitchen & Dining","Standard","7.8 x 5.5 x 7.8 in","5.06 lb","https://www.amazon.com/dp/B09ZTWSXNF"
"","","B07SH6WHCT","Flrolove Glass Food Storage Containers Set,Airtight Food Jars with Bamboo Wooden Lids - Set of 5 Kitchen Canisters For Sugar,Candy, Cookie, Rice and Spice Jars","Flrolove","$25.99","597","19","$15,516","05/29/2019","$13.86","4.6","3,336","$12.13","14,992","6","FBA","1","Kitchen & Dining","Standard","13.46 x 6.24 x 16.42 in","5.88 lb","https://www.amazon.com/dp/B07SH6WHCT"
"","","B0CGX9LRZG","dokaworld Glass Food Storage Containers With Bamboo Lids - Glass Meal Prep Containers - Set of 4 Airtight Stackable Food Storage Kitchen Containers - Eco-Friendly Oven Safe Nesting Lunch Containers","dokaworld","$44.99","1,143","39","$51,424","10/21/2021","","4.4","1,148","","6,834","6","FBA","1","Kitchen & Dining","","","","https://www.amazon.com/dp/B0CGX9LRZG"
"","","B09Y5WVTMD","Mfacoy Set of 4 Airtight Glass Jars with Bamboo Lids & Spoons, 17 oz Borosilicate Glass Jars Containers, Clear Food Storage Canister for Cookie, Candy, Coffee, Sugar, Matcha Tea, Flour","Mfacoy","$20.99","964","25","$20,234","04/17/2022","$12.70","4.6","318","$8.29","11,101","7","FBA","1","Kitchen & Dining","Standard","3.15 x 2.36 x 1.97 in","1.06 lb","https://www.amazon.com/dp/B09Y5WVTMD"
"","","B09TG3LPWH","EcoPreps Glass Meal Prep Containers with Bamboo Lids, 2 Compartment Glass Bento Box Containers【3 Pack】 100% Plastic Free, Eco-Friendly, Glass Food Storage Containers, Glass Lunch Containers with Lids","EcoPreps","$44.95","235","6","$10,563","02/24/2022","$30.88","4.6","208","$14.07","45,287","7","FBA","1","Kitchen & Dining","Standard","5.7 x 2.4 x 7.7 in","6.22 lb","https://www.amazon.com/dp/B09TG3LPWH"
"","","B09YRGDCP6","CZFWin Set of 2 Glass Flour Container with Airtight Bamboo Lid, Large Food Jar with Wooden Lid for Storage Flour, Sugar, Cookies, Rice, Coffee Beans(3L)","CZFWin","$35.99","598","24","$21,522","04/24/2022","$23.56","4.7","580","$12.43","11,467","6","FBA","1","Kitchen & Dining","Standard","8.94 x 6.97 x 13.23 in","2.1 lb","https://www.amazon.com/dp/B09YRGDCP6"
"","","B0BLHR7BVY","Vdomus Glass Food Storage Containers with Bamboo Lids (Pack of 4) - Stackable Meal Prep Container - Airtight Glass Food Containers - Microwave, Dishwasher Safe - Reusable Glass Lunchbox Pack - 36 Oz","Vdomus","$50.99","87","2","$4,436","03/16/2023","$38.20","4.7","103","$12.79","101,344","6","FBA","2","Kitchen & Dining","Standard","5.78 x 2.36 x 7.75 in","1.61 lb","https://www.amazon.com/dp/B0BLHR7BVY"
"","","B08K3TTLMD","EcoEvo Glass Jars with Bamboo Lids, Glass Food Jars and Canisters Sets, Large Glass Food Storage containers with Bamboo Lids, Glass Flour Jars, Cookie Jars (2 Pack of 100oz)","EcoEvo","$39.99","514","17","$20,555","12/18/2020","$26.96","4.6","1,118","$13.03","15,962","8","FBA","1","Kitchen & Dining","Standard","6 x 8.25 x 6 in","5.02 lb","https://www.amazon.com/dp/B08K3TTLMD"
"","","B082X4LBN6","SIXAQUAE Glass Food Storage Containers Jar Seal Bamboo Lids 4 Packs 600ml Airtight Canister Organization Sets Stackable","MIOCARO SIXAQUAE","$31.99","442","15","$14,140","12/18/2019","$20.46","4.6","1,771","$11.53","18,939","6","FBA","2","Kitchen & Dining","Standard","10.906 x 10.984 x 5.709 in","3.064 lb","https://www.amazon.com/dp/B082X4LBN6"
"","","B08YQYX6HB","4 Pack Glass Storage Jars with Airtight Bamboo Lid, Aoeoe 27 OZ Food Storage Jar, Glass Kitchen Canisters, Clear Container for Coffee Bean Storage, Dry Goods, Cookie, Candy, Tea, Spices","Aoeoe","$23.99","1,331","46","$31,931","03/11/2021","$14.60","4.6","1,125","$9.39","5,746","7","FBA","2","Kitchen & Dining","Standard","7.4 x 5.98 x 8.43 in","2.02 lb","https://www.amazon.com/dp/B08YQYX6HB"
"","","B0BRQD6BC5","HomArtist Large Glass Flour and Sugar Containers 180oz x2 & 93oz x2 [Set of 4], Glass Food Storage Containers with Bamboo Lids, Glass Jar with Airtight Lid for Spaghetti Pasta,Rice,Cereal,Coffee, Oat","HomArtist","$46.98","2,549","61","$119,752","02/14/2023","$33.50","4.5","355","$13.48","4,152","7","FBA","1","Kitchen & Dining","Standard","5.91 x 11.82 x 5.91 in","4 lb","https://www.amazon.com/dp/B0BRQD6BC5"
"","","B0BJ22WFHF","JOUALY 8-Pack Glass Food Storage Jar 8 oz,100% Sealed Borosilicate Glass Bamboo Glass Jars with Bamboo Lid and Bamboo Spoon for Candy, Spices, Coffee Beans, Nuts, Condiments, Cookies, Flour,Tea","JOUALY","$24.88","690","23","$17,167","10/12/2022","$18.08","4.5","472","$6.80","12,055","7","FBA","1","Kitchen & Dining","Standard","4.72 x 3.34 x 0.01 in","8 oz","https://www.amazon.com/dp/B0BJ22WFHF"
"","","B0BB6C3ZG5","Glass Sugar Container with Spoon - 4 Pack 15oz Glass Jars with Bamboo Lid and Spoon, Bamboo Lid Storage Jar Containers for Coffee Beans, Spice, Brown Sugar, Tea, Flour, Nuts, Candy, Salts and More","OneDream","$20.99","855","27","$17,946","08/18/2022","$11.41","4.7","214","$9.58","10,331","6","FBA","2","Kitchen & Dining","Standard","8.43 x 6.5 x 8.46 in","2.34 lb","https://www.amazon.com/dp/B0BB6C3ZG5"
"","","B0CMWMRWP2","YUNCANG Glass Storage Jars 27oz [Set of 6],Clear Glass Food Storage Containers with Airtight Bamboo Lid Stackable Kitchen Canisters for Candy,Cookie,Rice,Sugar,Flour,Pasta(Square)","YUNCANG","$23.99","2,940","98","$70,531","08/15/2020","$14.26","4.7","1,606","$9.73","2,320","7","FBA","1","Kitchen & Dining","Standard","10 x 4 x 13 in","4.36 lb","https://www.amazon.com/dp/B0CMWMRWP2"
"","","B09N4ZKCH6","JoyJolt JoyFul 24pc(12 Airtight, Freezer Safe Food Storage Containers and 12 Lids), Pantry Kitchen Storage Containers, Glass Meal Prep Container for Lunch, Glass Storage Containers with Lids","JoyJolt","$38.95","39,799","937","$1.55M","12/05/2021","$28.59","4.6","9,742","$10.36","51","7","FBA","1","Kitchen & Dining","Standard","11.89 x 7.64 x 16.26 in","13.5 oz","https://www.amazon.com/dp/B09N4ZKCH6"
"","","B0BQRF6W3J","Vtopmart Set of 3 Glass Food Storage Jars, 50oz Food Containers with Airtight Bamboo Wooden Lids for Pasta, Nuts, Flour, Glass Canisters for Kitchen, Pantry Organization and Storage, BPA Free","Vtopmart","$21.99","1,300","47","$28,587","12/20/2022","$12.26","4.7","251","$9.73","5,563","6","FBA","1","Kitchen & Dining","Standard","3.94 x 7.87 x 3.94 in","3.12 lb","https://www.amazon.com/dp/B0BQRF6W3J"
"","","B0B6VJFBNJ","VITEVER 12 Pack, 8 OZ Thick Glass Jars with Bamboo Lids, Bulk Clear Round for Making Candles, Empty Food Storage Containers for Spice, Powder, Liquid","VITEVER","$27.99","531","19","$14,863","07/17/2022","$16.46","4.7","230","$11.53","14,707","7","FBA","2","Kitchen & Dining","Standard","10.47 x 4.88 x 13.62 in","6.25 lb","https://www.amazon.com/dp/B0B6VJFBNJ"
"","","B07ZQTD6T8","Urban Green 6 Pack Bamboo Lid Glass Canisters, 4-Inch Diameter, 20oz Capacity, Recyclable, Dishwasher Safe, Reusable","Urban Green","$33.99","344","10","$11,693","10/28/2019","$21.86","4.6","2,726","$12.13","26,168","7","FBA","1","Kitchen & Dining","Standard","4.72 x 11.22 x 13.39 in","5.41 lb","https://www.amazon.com/dp/B07ZQTD6T8"
"","","B0BKTWD138","BELLE TERRE Premium Glass Jar Set - 5 Canisters with Airtight Bamboo Lids, Custom Labels & Spoons - Perfect Storage Jars for Food & Pantry Organization - 17oz, 34oz, 68oz - Transparent, Durable","BELLE TERRE","$39.95","120","4","$4,794","","","4.6","97","","62,691","6","FBA","1","Kitchen & Dining","","","","https://www.amazon.com/dp/B0BKTWD138"
"","","B0B4VBK25G","5 Pcs Glass Food Storage Containers With 132 Pantry Labels Preprinted - Thicken(3mm) Jars Airtight Bamboo Lid Stackable Kitchen Canisters Set For Candy, Cookie, Rice, Sugar, Flour","HHMJSM","$34.89","979","34","$34,157","06/22/2022","$22.33","4.6","331","$12.56","8,036","7","FBA","2","Kitchen & Dining","Standard","13.03 x 4.69 x 14.72 in","6.99 lb","https://www.amazon.com/dp/B0B4VBK25G"
"","","B0BXX1TWLW","LIBWYS Square Pantry Glass Storage Jars with Bamboo Lids Set of 12, 297oz Airtight Food Containers Kitchen Storage Jars - Dishwasher Safe (12pack)","LIBWYS","$49.99","654","23","$32,693","09/04/2023","$34.56","4.4","613","$15.43","12,287","6","FBA","2","Kitchen & Dining","Standard","3.15 x 7.87 x 3.15 in","8.23 lb","https://www.amazon.com/dp/B0BXX1TWLW"
"","","B0CGCC9M6B","Delight King Glass Containers with Bamboo Lids, Set of 4 Glass Food Storage Containers with Wooden Lids, Non Toxic, Non Plastic, Fridge and Microwave Safe, Eco Friendly, Leaf Engraved Wood Lid Design","Delight King","$32.99","30","1","$989.70","12/19/2023","","4.6","3","","140,087","","FBA","2","Kitchen & Dining","","","","https://www.amazon.com/dp/B0CGCC9M6B"
"","","B0CHNXC8Y7","80oz Spaghetti Pasta Storage Container with Bamboo Lids, Taller Square Glass Food Storage Containers for Fettuccine Linguine Cereal Coffee Beans, Glass Jars for Kitchen and Pantry Organization(3pcs)","","$34.99","450","15","$15,746","","","4.5","136","","18,635","","FBA","","Kitchen & Dining","","","","https://www.amazon.com/dp/B0CHNXC8Y7"
"","","B0CC2JKXKK","Vtopmart Set of 4 Glass Jars with Bamboo Lids & Spoons, 17 oz Glass Storage Containers with Lids for Dry Food Storage Sugar, Coffee, Nuts, Cookie, Candy, Tea, Airtight Kitchen Canisters Spice Jars","Vtopmart","$16.99","4,971","245","$84,457","07/16/2023","$9.30","4.7","4,649","$7.69","623","6","FBA","1","Kitchen & Dining","Standard","3.15 x 4.72 x 3.15 in","1.06 lb","https://www.amazon.com/dp/B0CC2JKXKK"
"","","B09QXJHQ3K","Urban Green Glass Jar with Bamboo Lid, Glass Food Storage Jar with Airtight Lid, 6 pack of 26oz, Glass Food Storage Container with Bamboo Lid, Glass Pantry Jars, Glass Pantry Storage Jars","Urban Green","$39.99","359","8","$14,356","11/30/2020","$26.96","4.4","513","$13.03","32,481","6","FBA","1","Kitchen & Dining","Standard","10 x 10 x 5 in","5.34 lb","https://www.amazon.com/dp/B09QXJHQ3K"
"","","B0CNGMKKM2","ComSaf 61oz Glass Storage Containers with Lids, Glass Jars with Bamboo Lids, Clear Food Storage Jar, Square Glass Canister Set of 3, Pantry Organizers and Storage for Flour Rice Pasta Tea Coffee Bean","ComSaf","$29.99","579","24","$17,364","12/29/2023","$18.46","4.4","13","$11.53","11,646","7","FBA","1","Kitchen & Dining","Standard","10.91 x 5.08 x 14.25 in","4.03 lb","https://www.amazon.com/dp/B0CNGMKKM2"
"","","B07HRRV96C","M MCIRCO 10-Pack, 22 Oz Glass Food Storage Containers with Lids, BPA Free, Microwave, Oven, Freezer and Dishwasher Safe, Gray","M MCIRCO","$39.99","4,767","126","$190,632","09/27/2018","$28.85","4.7","5,910","$11.14","1,670","6","FBA","4","Kitchen & Dining","Standard","4.5 x 2.2 x 6.2 in","1.38 lb","https://www.amazon.com/dp/B07HRRV96C"
"","","B0CKVRKN4B","VERONES 5 Pack Glass Meal Prep Containers 3 Compartment Set, 36OZ Airtight Glass Lunch Containers, Glass Food Storage Containers with Lids, for Microwave, Oven, Freezer & Dishwasher Friendly,Grey","VERONES","$29.99","540","18","$16,195","12/10/2023","","4.7","84","","15,417","","FBA","1","Kitchen & Dining","","","","https://www.amazon.com/dp/B0CKVRKN4B"