"Export time:  1/29/2024, 6:01:32 PM","","ASIN","Product Name","Brand","Price","Monthly Units Sold","Daily Units Sold","Monthly Revenue","Date First Available","Net Revenue","Star Rating","Reviews","Amazon Fees","BSR","LQS","Seller Type","Sellers","Category","Product Tier","Dimensions","Weight","Link"
"","","B071225BBS","Amazon Basics Foldable Storage Bins Cubes Organizer, 6-Pack, Gray","Amazon Basics","$27.11","2,880","78","$78,077","10/24/2017","$14.13","4.7","92,564","$12.98","270","5","AMZ","1","Home","Standard","10.87 x 4.57 x 11.61 in","6.71 lb","https://www.amazon.ca/dp/B071225BBS"
"Foldable Cube Storage Bin","","B07GSKLNGZ","SimpleHouseware Foldable Cube Storage Bin with Handle, 6 Pack, Grey","SIMPLE HOUSEWARE","$28.87","120","4","$3,464","09/10/2018","$17.64","4.6","5,738","$11.23","15,514","5","FBA","1","Home","Standard","28 x 29 x 10.4 cm","1.95 kg","https://www.amazon.ca/dp/B07GSKLNGZ"
"Average Monthly Sales: 392","","B07MZKHFFP","SimpleHouseware Foldable Cube Storage Bin with Handle, 6 Pack, Red","SIMPLE HOUSEWARE","$28.87","625","15","$18,044","05/15/2019","$17.09","4.6","13,512","$11.78","3,516","5","FBA","1","Home","Standard","30.988 x 31.242 x 11.684 cm","2.654 kg","https://www.amazon.ca/dp/B07MZKHFFP"
"Average Revenue: $10,930","","B07GSJ8HRP","SimpleHouseware Foldable Cube Storage Bin with Handle, 6 Pack, Beige","SIMPLE HOUSEWARE","$28.87","629","2","$18,159","09/12/2018","$17.05","4.5","2,168","$11.82","35,571","5","FBA","1","Home","Standard","31.242 x 31.496 x 11.684 cm","2.631 kg","https://www.amazon.ca/dp/B07GSJ8HRP"
"Average Price: $34.94","","B07MS8WY6X","SimpleHouseware 6 Pack Foldable Cube Storage Bin Organizer, Pink (11 inch H x 10.75 inch W x 10.75 inch D)","SIMPLE HOUSEWARE","$22.92","3,125","113","$71,625","04/13/2019","$11.85","4.6","55,441","$11.07","132","6","FBA","30","Home","Standard","28 x 29 x 10.4 cm","1.92 kg","https://www.amazon.ca/dp/B07MS8WY6X"
"Average No. of Ratings: 6,115","","B09TTS4WKJ","Amazon Basics Collapsible Fabric Storage Cubes Organizer with Handles, 10.5'x10.5'x11', White - Pack of 6","Amazon Basics","$25.64","1,246","38","$31,947","03/13/2023","","4.7","4,705","","923","6","AMZ","30","Home","","","","https://www.amazon.ca/dp/B09TTS4WKJ"
"Average Sales Rank: 48,907","","B07SHJR3QY","SimpleHouseware Foldable Storage Bins Cubes Organizer, 6 Pack, Turquoise","SIMPLE HOUSEWARE","$22.92","3,110","113","$71,281","08/07/2019","$11.64","4.6","55,441","$11.28","132","5","FBA","30","Home","Standard","27.7 x 29.1 x 11.8 cm","2.022 kg","https://www.amazon.ca/dp/B07SHJR3QY"
"Average Rating Number: 4.5","","B091Y5FYKF","Kntiwiwo Fabric Storage Cubes 10.5x10.5x11 Cube Storage Bins for Closet Organizers and Storage Shelves Foldable Storage Bin with Handles, Set of 6, Grey","Kntiwiwo","$49.99","120","4","$5,999","08/02/2021","$34.96","4.5","790","$15.03","18,228","7","FBA","1","Home","Standard","28.829 x 30.531 x 17.805 cm","1.52 kg","https://www.amazon.ca/dp/B091Y5FYKF"
"","","B07SPR2HPT","SONGMICS Storage Cubes, 11-Inch Non-Woven Fabric Bins with Double Handles, Set of 6, Closet Organizers for Shelves, Foldable, for Clothes, Gray UROB26LG","SONGMICS","$25.99","562","10","$14,606","08/09/2019","$13.99","4.5","8,586","$12.00","5,697","6","FBA","2","Home","Standard","30.226 x 30.734 x 10.668 cm","3.084 kg","https://www.amazon.ca/dp/B07SPR2HPT"
"","","B07GSH95BG","SimpleHouseware Foldable Cube Storage Bin with Handle, 6 Pack, Black","SIMPLE HOUSEWARE","$28.87","678","15","$19,574","09/12/2018","$16.98","4.6","13,512","$11.89","3,539","5","FBA","2","Home","Standard","30.404 x 32.004 x 12.192 cm","2.585 kg","https://www.amazon.ca/dp/B07GSH95BG"
"","","B0BCM69KZL","DECOMOMO Cube Storage Bin Foldable Storage Baskets with See Through Window for Shelves Toys Nursery Closet Bathroom (Cube 11' / 6pcs, Beige)","DECOMOMO","$30.99","120","4","$3,719","11/24/2022","$14.30","4.6","113","$16.69","15,275","7","FBA","1","Home","Oversize","26.67 x 27.94 x 26.67 cm","1.81 kg","https://www.amazon.ca/dp/B0BCM69KZL"
"","","B08G7ZRQ9Y","ShellKingdom Storage Bins, Foldable Fabric Storage Cubes and Cloth Storage Organizer Drawer for Closet and Toys Storage 6 Pack (Lavender)","ShellKingdom","$29.99","450","14","$13,496","08/13/2020","","4.5","3,106","","3,672","6","FBA","1","Home","","","","https://www.amazon.ca/dp/B08G7ZRQ9Y"
"","","B087Z42DVS","DECOMOMO Cube Storage Bin | Cube Storage Organizer Bins 12x12 Foldable Storage Cube Baskets Storage Organization for Shelf Closet Kids Cloth Bathroom (Grey and White, Cube - 4 Pack)","DECOMOMO","$39.99","258","14","$10,317","09/30/2020","$22.01","4.7","1,444","$17.98","3,924","7","FBA","1","Home","Oversize","28 x 28 x 28 cm","1.46 kg","https://www.amazon.ca/dp/B087Z42DVS"
"","","B0CJR7Z6CF","GRANNY SAYS Cube Storage Bins, Pack of 6 Fabric Storage Cubes 11 x 11, Foldable Square Storage Boxes for Shelves, Cube de Rangement, Cubes Storage Organizer for Organising Clothes Kids Toys, Colorful","GRANNY SAYS","$27.49","269","7","$7,395","12/01/2023","$10.70","5","5","$16.79","8,912","6","FBA","1","Home","Oversize","27.94 x 27.94 x 27.94 cm","1.67 kg","https://www.amazon.ca/dp/B0CJR7Z6CF"
"","","B082MRPSZB","Pomatree Storage Cubes - 11 inch Cube Storage Bins (9 Pack) | Foldable Cubby Organizer Bin for Closet, Clothes and Toys | 2 Reinforced Handles | Fabric Basket Bin (Pink)","Pomatree","$38.99","122","3","$4,757","02/06/2020","$21.34","4.7","3,314","$17.65","23,275","7","FBA","2","Home","Oversize","26.67 x 27.94 x 26.67 cm","3.63 kg","https://www.amazon.ca/dp/B082MRPSZB"
"","","B0BY2BCQ3T","SONGMICS Storage Cubes, Set of 6 Storage Bins with Handles, Foldable Oxford Fabric and Non-Woven Fabric Storage Boxes, 10.2x10.2x11 Inches, Fit Cube Storage Unit, Rustic Brown and Black URFB126B01","SONGMICS","$35.99","210","8","$7,558","03/28/2023","","4.5","821","","7,536","7","FBA","1","Home","","","","https://www.amazon.ca/dp/B0BY2BCQ3T"
"","","B0BWS2C6HS","PowerKing Collapsible Storage Cubes with Handles, Fabric Foldable Bins for Closet Shelves, Durable Organization Storage Bins, 10.5'' x 11'' x 10.5'', 2 Pack, Black","PowerKing","$18.99","96","2","$1,823","09/04/2023","$3.27","4.5","1,301","$15.72","27,494","6","FBA","1","Home","Oversize","27.94 x 27.94 x 25.4 cm","930 g","https://www.amazon.ca/dp/B0BWS2C6HS"
"","","B07Z68S36W","MATANA - 8 Pack Foldable Fabric Cube Storage Boxes - Grey, 27.5cm x 27.5cm x 28cm (11 Inch), Collapsible Toy Basket for Clothes, Baby, Home and Office Room Organiser Cube Shelves, Storage Units","MATANA","$32.99","30","1","$989.70","09/27/2023","","4.5","1,099","","73,054","7","FBA","1","Home","","27.5 x 28 x 27.5 cm","2.85 kg","https://www.amazon.ca/dp/B07Z68S36W"
"","","B087WTPHF5","DECOMOMO Storage Cubes 11 inch Cube Storage Bin, Foldable Cube Organizer Bins for Clothes Toys Books Craft Supplies Shelves Closet Bedroom Bathroom Nursery (Grey and White, 4pcs)","DECOMOMO","$39.99","570","19","$22,794","07/15/2020","$27.28","4.6","3,767","$12.71","2,554","7","FBA","1","Home","Standard","33.4 x 35.5 x 10.4 cm","2.6 kg","https://www.amazon.ca/dp/B087WTPHF5"
"","","B08VH3WSGH","6 Cube Storage Bins Neon Pink 10x10x10 Inch Foldable Polka Dot Print Fabric Storage Basketes for Home Organizers Storage Drawer,QY-SC15-6","HSDT","$41.00","","","$0.00","02/01/2021","","4.7","136","","218,516","","FBA","1","Home","","","","https://www.amazon.ca/dp/B08VH3WSGH"
"","","B0BJPJZ6ZV","SimpleHouseware Storage Basket Bin With Cotton Braided Handle Fabric Cube, 3 Pack, Dark Grey","SIMPLE HOUSEWARE","$29.87","60","2","$1,792","11/18/2022","","4.5","228","","26,382","6","FBA","1","Home","","","","https://www.amazon.ca/dp/B0BJPJZ6ZV"
"","","B09LY8Q6B3","KEEGH Fabric Storage Cubes 13 x 13 Foldable Cube Storage Bins for Shelves Collapsible Cubby Storage Boxes with Labels, Set of 6","KEEGH","$34.49","60","2","$2,069","11/15/2021","$21.84","4.6","238","$12.65","37,246","6","FBA","2","Home","Standard","33.02 x 7.62 x 33.02 cm","2.722 kg","https://www.amazon.ca/dp/B09LY8Q6B3"
"","","B07TYP2ZW5","Amazon Basics Collapsible Fabric Storage Cubes with Oval Grommets - 6-Pack, Linked","Amazon Basics","$29.74","304","6","$9,041","07/11/2019","$18.14","4.6","18,375","$11.60","10,097","6","AMZ","2","Home","Standard","27.4 x 30 x 12.2 cm","2.82 kg","https://www.amazon.ca/dp/B07TYP2ZW5"
"","","B0BKW9MP3L","Wisdom Star 6 Pack Fabric Storage Cubes with Handle, Foldable 11 Inch Cube Storage Bins, Storage Baskets for Shelves, Storage Boxes for Organizing Closet Bins","Wisdom Star","$42.99","69","1","$2,966","10/28/2022","$25.34","3.6","18","$17.65","45,627","7","FBA","1","Home","Oversize","26.67 x 27.94 x 26.67 cm","2.36 kg","https://www.amazon.ca/dp/B0BKW9MP3L"
"","","B0CKTY11W1","DECOMOMO Felt Storage Bins | Collapsible Cube Storage Bin with Label Holder for Closet Kallax Shelves Clothes Kids Books Toy Nursery (Cube 11' / 6pcs, Dark Grey)","DECOMOMO","$48.99","630","21","$30,864","10/10/2023","","","","","2,173","7","FBA","1","Home","","","","https://www.amazon.ca/dp/B0CKTY11W1"
"","","B08TMRHJN7","Home Beyond & HB design - 6-Pack Foldable Fabric Storage Cube Baskets Bins Organizer Boxes with Handle, Grey","Home Beyond & HB design","$25.99","24","1","$623.76","01/20/2021","$8.31","4.4","150","$17.68","80,636","4","FBA","1","Home","Oversize","29.97 x 29.97 x 29.97 cm","3.32 kg","https://www.amazon.ca/dp/B08TMRHJN7"
"","","B076X3XPFP","Sorbus Foldable Storage Cube Basket Bin-for Nursery, Playroom, Closet, Home Organization (Pastel Multi-Color, 6 Pack), Multicolor","SORBUS","$35.99","40","2","$1,440","10/30/2017","$23.89","4.7","5,194","$12.10","39,258","6","FBA","30","Home","Standard","27.711 x 11.405 x 31.699 cm","2.74 kg","https://www.amazon.ca/dp/B076X3XPFP"
"","","B0CFY45XCD","Lifewit 11 Inch Cube Storage Bins, Storage Cubes Foldable Medium Decorative Fabric Storage Baskets for Organizing Home Organizers with Handles for Shelves, Closet, Set of 6, White","Lifewit","$28.99","210","7","$6,088","08/16/2023","$11.98","4.6","5,967","$17.01","8,665","6","FBA","1","Home","Oversize","26 x 27 x 26 cm","1.76 kg","https://www.amazon.ca/dp/B0CFY45XCD"
"","","B0C815FBRX","Lifewit Collapsible Storage Cubes, 9 Inch Foldable Fabric Bins, Multi-color Organizers, Decorative Organizing Baskets for Shelves, Closet, Utility Room, Storage Room, Set of 10, Grey","","$43.99","60","2","$2,639","","","4.6","28","","30,752","","FBA","","Home","","","","https://www.amazon.ca/dp/B0C815FBRX"
"","","B0B4BJF7KX","DECOMOMO Storage Baskets Foldable Storage Cubes 3 Pack Nursery Organizers and Storage, Collapsible Kallax Storage Bins for Book Toys Cubes Clothes Shelves with Handles (Grey)","DECOMOMO","$35.99","139","6","$5,003","09/12/2022","$17.50","4.6","7,069","$18.49","10,435","7","FBA","1","Home","Oversize","30 x 30 x 30 cm","2.3 kg","https://www.amazon.ca/dp/B0B4BJF7KX"
"","","B0CGZFR98R","Kntiwiwo Foldable Storage Bin 12' x 10' x 9.5' Collapsible Basket Cube Storage Organizer Bins with Dual Carry Handles for Home Closet Nursery Drawers Organizer, Set of 3","Kntiwiwo","$36.99","148","1","$5,475","08/30/2023","$20.05","4.4","1,274","$16.94","68,398","6","FBA","1","Home","Oversize","24.13 x 25.4 x 30.48 cm","900 g","https://www.amazon.ca/dp/B0CGZFR98R"
"","","B07DPKPNB3","Cube Storage Bins Organizer Container,12x12 Foldable Storage Bins Basket with Clear Window for Pantry Closet,Toys,Bedroom-Butterfly Set of 4","homyfort","$24.99","60","2","$1,499","09/11/2018","$14.04","4.7","987","$10.95","28,441","6","FBA","2","Home","Standard","30.81 x 31.191 x 8.992 cm","2.291 kg","https://www.amazon.ca/dp/B07DPKPNB3"
"","","B09KHFF7Z7","Amazon Basics Collapsible Fabric Storage Cube Organizer Bins - 6-Pack, Jade Green, 13x15x13'","Amazon Basics","$38.83","60","3","$2,330","04/29/2023","","4.5","174","","23,686","6","AMZ","30","Home","","","","https://www.amazon.ca/dp/B09KHFF7Z7"
"","","B0CGF7C7Z1","DECOMOMO Storage Bins 6pcs Cube Storage Basket with Label Holder for Closet Kallax Shelves Clothes Kids Toy Nursery (Cube 11' / 6pcs, Light Texture Grey)","DECOMOMO","$29.99","1,380","46","$41,386","12/29/2023","","4.6","1,202","","685","","FBA","1","Home","","","","https://www.amazon.ca/dp/B0CGF7C7Z1"
"","","B0BZRDG65Z","AELS Hand Woven Cotton Basket for Storage, Cube Storage Bins with Handles, Foldable Collapsible Closet Organizers and Storage, Boho Farmhouse Storage Cubes for Shelves, Beige","","$49.71","120","4","$5,965","08/01/2023","","4.2","46","","16,025","","FBA","","Home","","","","https://www.amazon.ca/dp/B0BZRDG65Z"
"","","B0CJR29PX6","SONGMICS Storage Cubes, Set of 4 Cube Storage Bins, 10.2 x 10.2 x 11 Inches, 2 Handles, Oxford Fabric and Linen-Look Fabric, Washable, Foldable, Metal Label Holders, Dove Gray UROB226G04","SONGMICS","$35.99","120","4","$4,319","01/09/2024","","4.6","11","","16,303","6","FBA","1","Home","","","","https://www.amazon.ca/dp/B0CJR29PX6"
"","","B0BG9216D9","CMOKKEAM Foldable Storage Boxes Cubes Collapsible Organization Bins W/Handles,Fabric Storage Bins with Lids 3 Pack,Closet Organizers with Handles (15x9.8x9.8inch)","CMOKKEAM","$23.19","15","1","$347.85","09/22/2022","$4.12","4.5","66","$19.07","83,182","6","FBA","1","Home","Oversize","32 x 32 x 32 cm","2.37 kg","https://www.amazon.ca/dp/B0BG9216D9"
"","","B09TF88CV1","Fabric Cube Storage Bins Foldable Storage Baskets 13-Inch Light Purple and Silver Khaki Patchwork Storage Boxes Cube Storage Bins with Handle Cubes Inserts for 13x13x13 Organizer Shelf Pack of 3 Sy-3","SYYOFUE","$38.13","30","1","$1,144","02/06/2022","","4.5","218","","50,086","6","FBA","1","Home","","33.2 x 33.8 x 9.5 cm","0.947 kg","https://www.amazon.ca/dp/B09TF88CV1"
"","","B085VL17PY","KEEGH Large Fabric Storage Cubes 13X13' Foldable Storage Bins Set of 3 Cube Organizer Baskets with Sturdy Carry Handles for Baby Nursery Closet Shelves Organization","KEEGH","$35.99","150","5","$5,399","05/16/2020","$23.08","4.4","1,718","$12.91","13,565","7","FBA","3","Home","Standard","34.392 x 34.595 x 11.608 cm","1.157 kg","https://www.amazon.ca/dp/B085VL17PY"
"","","B07XSBYT7Q","Pomatree Fabric Storage Bins - 8 Pack - Fun Colored Storage Cubes | 2 Reinforced Handles | Foldable Cube Baskets for Home, Kids Room, Nursery and Playroom | Closet and Toys Organization","Pomatree","$42.99","60","2","$2,579","11/22/2019","$26.35","4.8","2,529","$16.64","3,975","7","FBA","23","Baby","Standard","26.67 x 27.94 x 13.335 cm","3.311 kg","https://www.amazon.ca/dp/B07XSBYT7Q"
"","","B0C2PJNPPW","GRANNY SAYS Storage Cubes with Metal Frame, Pack of 4 Grey Cube Storage Boxes, Cubby Storage Bins with Handles, Collapsible Square Storage Bins, Cube Organizer, Cube Bac de Rangement 27 x 27 x 27 cm","GRANNY SAYS","$32.99","210","7","$6,928","07/12/2023","","4.5","55","","9,128","6","FBA","1","Home","","27 x 27 x 27 cm","1.8 kg","https://www.amazon.ca/dp/B0C2PJNPPW"
"","","B081CLDWXR","Storage Basket Foldable Storage Bin Cubes Organizer Toy Storage Basket with Handles Suitable for Office, Bedroom, Closet, Laundry(4Pcs)","FIVE FLOWER","$43.39","30","1","$1,302","03/27/2020","$32.56","4.5","680","$10.83","47,117","7","FBA","1","Home","Standard","34.6 x 35.8 x 6.2 cm","1 kg","https://www.amazon.ca/dp/B081CLDWXR"
"","","B07CGYBQ9Z","EZOWare [Set of 4] Foldable Fabric Storage Cube Bins with Cotton Rope Handle, Collapsible Resistant Basket Box Organizer for Shelves, Closet, 26.7x28x26.7cm (Beige)","EZOWARE","$42.99","","","$349.90","04/05/2018","$31.17","4.7","742","$11.82","126,671","7","FBA","1","Home","Standard","29.4 x 31.8 x 9.6 cm","2.99 kg","https://www.amazon.ca/dp/B07CGYBQ9Z"
"","","B094TZCMSP","JSJSYO 6 Packs Fabric Storage Bins Foldable Cube Storage Baskets Collapsible Resistant Fabric Shelf Box Organiser Waterproof for Desk Storage,Bathroom, Makeup, Books, Nursery, Playroom (B-7.7''x6.7''x3.5'')","JSJSYO","$23.99","30","1","$719.70","03/04/2021","","4","65","","59,829","7","FBA","1","Home","","19.1 x 21.5 x 7.7 cm","0.33 kg","https://www.amazon.ca/dp/B094TZCMSP"
"","","B0CLGJ78CY","Storage Bin Closet Organizers, 4Pcs Fabric Storage Basket with Drawstring Design and Handles, Foldable Cube Storage for Clothes, Toys, Books Storage (Gray&White)","Pinsit","$33.78","20","","$675.60","10/19/2023","$20.67","3","1","$13.11","107,453","7","FBA","1","Home","Standard","30 x 12 x 40 cm","1.56 kg","https://www.amazon.ca/dp/B0CLGJ78CY"
"","","B0B2DCM5CY","Fabric Storage Bins Storage Boxes Storage Baskets Cube Inserts with Handles Foldable 13x13x13 inch Dark Grey Set of 3","SYYOFUE","$37.99","20","","$759.80","05/31/2022","$17.57","4.8","20","$20.42","125,750","6","FBA","1","Home","Oversize","33.02 x 33.02 x 33.02 cm","2.34 kg","https://www.amazon.ca/dp/B0B2DCM5CY"
"","","B09KH99J16","Amazon Basics Collapsible Fabric Storage Cube Organizer Bins - 6-Pack, White, 13x15x13'","Amazon Basics","$44.06","30","","$1,322","04/29/2023","","4.5","184","","143,592","6","AMZ","30","Home","","","","https://www.amazon.ca/dp/B09KH99J16"
"","","B09Z2NMX48","6-Pack Foldable Storage Bins Organiser Cube Boxes Basket Collapsible Resistant Basket Box Organizer for Shelves, Closet,for Home, Bedroom, Nursery Office, Playroom Toys,10.5 x10.5 x11 Inch","Grilling Corner","$28.99","20","","$579.80","04/27/2022","$12.46","4.3","45","$16.53","154,215","7","FBA","1","Home","Oversize","26.67 x 26.67 x 27.94 cm","2.52 kg","https://www.amazon.ca/dp/B09Z2NMX48"
"","","B0CHDPJY3Q","Nestl Cube Storage Bins, Foldable 9 Cube Storage Organizer Bins, Fabric Storage Cubes, Storage Basket with Handles, Grey Closet Storage Bins, 11-Inch Cube Storage Bins for Bedroom, Playroom and More","Nestl Bedding","$56.04","","","$0.00","09/05/2023","$37.67","4.7","141","$18.37","640,129","6","AMZ","30","Home","Oversize","26.42 x 27.94 x 26.42 cm","1.36 kg","https://www.amazon.ca/dp/B0CHDPJY3Q"
"","","B09KH9BHM3","Amazon Basics Collapsible Fabric Storage Cube Organizer Bins - 6-Pack, Peony Pink, 13x15x13'","Amazon Basics","$41.09","23","1","$945.07","04/29/2023","","4.6","197","","78,048","6","AMZ","30","Home","","","","https://www.amazon.ca/dp/B09KH9BHM3"
"","","B07ZD8YRZ7","Robuy Cube Storage Bins Foldable Fabric Storage Boxes Organizer for Shelves, Home,Office,Nurstry and More 4-Pack Grey 13x15x13 inch","Robuy","$49.99","12","1","$599.88","11/14/2019","$27.52","4.8","415","$22.47","70,069","6","FBA","1","Home","Oversize","33.02 x 33.02 x 38.1 cm","4.58 kg","https://www.amazon.ca/dp/B07ZD8YRZ7"
"","","B0CJQQPVXT","DIMJ Closet Storage Bins, 6 Pack Foldable Basket Box Fabric Storage Bins for Shelves Basket Storage Organization Trapezoid Storage Bin with Handle Closet Organizer and Storage for Clothes(Ant Grey)","DIMJ","$50.99","90","3","$4,589","09/24/2023","","4.7","5","","21,224","6","FBA","1","Home","","15 x 20 x 35 cm","2.48 kg","https://www.amazon.ca/dp/B0CJQQPVXT"
"","","B09ZY5926R","DOMEraax Cube Storage Bin for Kallax Shelves 4 Pack with Clear Window Large Boxes Basket with Handles Fabric Closet Organizer 13' x 13' x 13' Beige","","$32.99","150","5","$4,949","","","4.7","203","","12,114","","FBA","","Home","","","","https://www.amazon.ca/dp/B09ZY5926R"
"","","B0BTFWJL6Z","DECOMOMO Animal Storage Baskets 25.5L Toy Bin for Baby Laundry Basket, Kids Toys, Nursery, Shelves, Linen Closet Organizers and Storage (Lion, Zebra, Giraffe  3 Pack / Large)","DECOMOMO","$35.99","120","4","$4,319","08/20/2023","$18.33","4.7","2,671","$17.66","2,485","7","FBA","1","Baby","Oversize","27.94 x 24.13 x 38.1 cm","1.53 kg","https://www.amazon.ca/dp/B0BTFWJL6Z"
"","","B07V5BTRCZ","SimpleHouseware Foldable Storage Basket Box Closet Dresser Drawer Divider Bins Organizer for Clothes,Underwears, Bras, Set of 6, Turquoise","SIMPLE HOUSEWARE","$21.87","1,024","36","$22,395","07/08/2019","$10.87","4.6","17,585","$11.00","1,018","5","FBA","2","Home","Standard","28 x 13 x 28 cm","453.59 g","https://www.amazon.ca/dp/B07V5BTRCZ"
"","","B08V115WR7","3 Cube Storage Bins Blue Navy 13x13x13 Inch Foldable Grid Lantern Print Fabric Storage Basketes for Home Organizers Storage Drawer,QY-SC02-3","HSDT","$39.00","30","1","$1,170","01/27/2021","$27.38","4.7","248","$11.62","76,595","6","FBA","1","Home","Standard","34 x 34 x 6.2 cm","2.16 kg","https://www.amazon.ca/dp/B08V115WR7"