"Export time:  1/30/2024, 12:00:28 AM","","ASIN","Product Name","Brand","Price","Monthly Units Sold","Daily Units Sold","Monthly Revenue","Date First Available","Net Revenue","Star Rating","Reviews","Amazon Fees","BSR","LQS","Seller Type","Sellers","Category","Product Tier","Dimensions","Weight","Link"
"","","B0822JNHFY","Airtight Food Storage Container Set - 24 Piece, Kitchen & Pantry Organization, BPA-Free, Plastic Canisters with Durable Lids Ideal for Cereal, Flour & Sugar - Labels, Marker & Spoon Set","Chef's Path","$59.98","4,970","122","$298,101","02/10/2020","$38.24","4.7","74,464","$21.74","1,727","6","FBA","10","Kitchen & Dining","Oversize","8.02 x 8.09 x 9.2 in","10.43 lb","https://www.amazon.com/dp/B0822JNHFY"
"food. storage containers","","B07S1WGYX2","32 Piece Food Storage Containers Set with Easy Snap Lids (16 Lids + 16 Containers) - Airtight Plastic Containers for Pantry & Kitchen Organization - BPA-Free with Free Labels & Marker","Chef's Path","$34.99","2,666","122","$93,283","05/20/2019","$27.09","4.5","22,924","$7.90","1,730","7","FBA","4","Kitchen & Dining","Standard","11.06 x 7.16 x 12.02 in","12 oz","https://www.amazon.com/dp/B07S1WGYX2"
"Average Monthly Sales: 5,490","","B07VGT5MS4","Chef's Path Airtight Food Storage Boxes with Labels - Kitchen Storage - Flour, Cereal, Pasta - Plastic Storage Boxes with Lids (4pcs-3.2L)","Chef's Path","$35.99","1,600","53","$57,584","07/17/2019","$22.36","4.7","18,574","$13.63","4,883","7","FBA","4","Kitchen & Dining","Standard","6.1 x 12.6 x 16.5 in","4.18 lb","https://www.amazon.com/dp/B07VGT5MS4"
"Average Revenue: $169,323","","B081J7942W","Chef's Path Extra Large Food Storage Containers with Lids Airtight (6.5L|220 Oz|2 Pack) for Flour, Sugar, Rice & Baking Supply - Airtight Kitchen & Pantry Bulk Food Storage for Kitchen Organization","Chef's Path","$30.99","2,891","117","$89,592","11/13/2019","$20.55","4.7","35,652","$10.44","1,827","6","FBA","6","Kitchen & Dining","Standard","3 x 3 x 5 in","2.76 lb","https://www.amazon.com/dp/B081J7942W"
"Average Price: $33.88","","B079M8FPTW","Rubbermaid Brilliance BPA Free Food Storage Containers with Lids, Airtight, for Lunch, Meal Prep, and Leftovers, Set of 5 (3.2 Cup)","Rubbermaid","$28.99","55,824","2,100","$1.62M","02/04/2018","$21.10","4.7","81,250","$7.89","8","7","AMZ","11","Kitchen & Dining","Standard","8.19 x 5.67 x 10.2 in","0.01 oz","https://www.amazon.com/dp/B079M8FPTW"
"Average No. of Ratings: 10,483","","B07WZPV3FQ","Rubbermaid 16-Piece Food Storage Containers with Lids and Steam Vents, Microwave and Dishwasher Safe, Red","Rubbermaid","$21.99","34,034","1,397","$748,408","09/18/2019","$9.75","4.7","104,596","$12.24","21","6","AMZ","7","Kitchen & Dining","Oversize","8.13 x 8.5 x 12.37 in","0.01 oz","https://www.amazon.com/dp/B07WZPV3FQ"
"Average Sales Rank: 23,518","","B0CB732PQW","OXO Good Grips Limited Edition 3-Piece POP Container Everyday Set - Storm Blue","OXO","$32.99","3,970","76","$130,970","07/04/2023","","4.7","4,598","","3,209","6","AMZ","7","Kitchen & Dining","","","","https://www.amazon.com/dp/B0CB732PQW"
"Average Rating Number: 4.6","","B0C5QM81FN","Crystal Clear Airtight Food Storage Containers with Lids, Plastic Canister Set for Kitchen Organization and Storage, for Flour, Sugar, Cereal, Rice, BPA Free Plastic 8-Pack with Different Sizes White","FreshKeeper","$22.99","727","17","$16,714","05/18/2023","$-65.83","4.6","698","$88.82","16,781","6","FBA","2","Kitchen & Dining","Oversize","59 x 148 x 74 in","6.35 lb","https://www.amazon.com/dp/B0C5QM81FN"
"","","B076X2LT2C","Kitchen Spaces Compact Food Storage Containers with Lids for Freezer, Pantry, and Fridge, Clear, 2 Count","Kitchen Spaces","$12.94","331","14","$4,283","10/26/2017","$5.86","4","1,278","$7.08","19,277","6","AMZ","6","Kitchen & Dining","Standard","6.8 x 3.5 x 8.7 in","1.13 lb","https://www.amazon.com/dp/B076X2LT2C"
"","","B0BZ3YVPL8","40 PCS Food Storage Containers with Lids Airtight (20 Containers & 20 Lids), Plastic Storage Meal Prep Container-Stackable 100% Leakproof & BPA-Free Organization and Storage Sets, Lunch Containers","Pony crossing the river","$29.99","3,648","141","$109,404","06/17/2023","$18.76","4.5","897","$11.23","1,420","7","FBA","3","Kitchen & Dining","Standard","6.2 x 6.2 x 14.5 in","3.5 lb","https://www.amazon.com/dp/B0BZ3YVPL8"
"","","B09Z9QJ49Z","Oizeir Airtight Food Storage Containers, Clear Plastic, Lid Lock, Reusable Stickers, Various Sizes, BPA Free, Perfect Dry Food Storage Organization for Kitchen and Pantry, (Set of 7)","Oizeir","$23.99","668","19","$16,025","04/30/2022","$13.06","4.3","960","$10.93","14,318","7","FBA","5","Kitchen & Dining","Standard","4.5 x 12 x 16 in","4.3 lb","https://www.amazon.com/dp/B09Z9QJ49Z"
"","","B0BJ12XRP3","Kitchen Spaces Colander Bin, Produce Saver, Fridge Organizer With Lid, Wash, Strain and Store, Great for Refrigerator, Freezer and Pantry, Medium, Mint Green, Pack of 1","Kitchen Spaces","$19.59","600","20","$11,754","10/11/2022","","4.3","3,974","","13,766","4","AMZ","1","Kitchen & Dining","","","","https://www.amazon.com/dp/B0BJ12XRP3"
"","","B0CDYJZBNL","AVUX Food Storage Bins with Colander  A (4 Pcs) Airtight and Leak Proof Plastic Storage Saver Container Set for Fridge Organizer to Store Salad, Vegetables, Meat, Fruits and Frozen Food","","$25.97","360","12","$9,349","","","4.7","22","","22,989","","FBA","","Kitchen & Dining","","","","https://www.amazon.com/dp/B0CDYJZBNL"
"","","B07GSSSTY9","Souper Cubes 1 Cup Silicone Freezer Tray With Lid - Easy Meal Prep Container and Kitchen Storage Solution - Silicone Molds for Soup and Food Storage - Aqua - 1-Pack","Souper Cubes","$19.95","16,486","518","$328,896","08/22/2018","$11.82","4.8","17,792","$8.13","169","6","FBA","1","Kitchen & Dining","Standard","6.26 x 12.165 x 2.913 in","1.071 lb","https://www.amazon.com/dp/B07GSSSTY9"
"","","B0B8SKHCC6","Uamector Pop Airtight Food Storage Containers with Lids, Top Pop One Button Control, BPA-Free Air Tight Stackable Dry Cereal Container Set for Pantry Snack Coffee Sugar Kitchen Pantry Organization","Uamector","$39.99","849","37","$33,952","08/04/2022","$27.56","4.6","191","$12.43","7,315","7","FBA","2","Kitchen & Dining","Standard","6.77 x 5.59 x 12.71 in","3.2 lb","https://www.amazon.com/dp/B0B8SKHCC6"
"","","B0C39P8ZKN","HOMBERKING 32 Pieces Food Storage Containers Set with Snap Lids (16 Lids&16 Containers), Meal Prep Airtight Plastic Containers, BPA-Free Lunch Containers - Black","HOMBERKING","$22.99","4,610","52","$105,984","04/22/2023","$10.11","4.6","875","$12.88","4,996","7","FBA","2","Kitchen & Dining","Standard","11.2 x 6.3 x 12.2 in","1.99 kg","https://www.amazon.com/dp/B0C39P8ZKN"
"","","B09LMMV7W8","JoyJolt JoyFul 24pc Borosilicate Glass Storage Containers with Lids. 12 Airtight, Freezer Safe Food Storage Containers, Pantry Kitchen Storage Containers, Glass Meal Prep Container for Lunch","JoyJolt","$38.95","38,735","1,716","$1.51M","11/10/2021","$24.58","4.6","9,351","$14.37","13","7","FBA","4","Kitchen & Dining","Standard","12.08 x 7.7 x 16.27 in","2.19 lb","https://www.amazon.com/dp/B09LMMV7W8"
"","","B07X51WD45","Rubbermaid 28-Piece Food Storage Containers with Snap Bases for Easy Organization and Lids for Lunch, Meal Prep, and Leftovers, Dishwasher Safe, Clear/Grey","Rubbermaid","$49.99","2,927","90","$146,321","09/18/2019","$38.72","4.8","17,328","$11.27","2,579","7","AMZ","8","Kitchen & Dining","Standard","3.94 x 3.15 x 5.91 in","10.5 oz","https://www.amazon.com/dp/B07X51WD45"
"","","B07JJY9JJV","mDesign Plastic Kitchen Pantry and Fridge Storage Organizer Box Containers w/Hinged Lid for Shelves or Cabinets, Holds Food, Snacks, Seasoning, Condiments, Utensils, Lumiere Collection, 4 Pack, Clear","mDesign","$32.99","172","3","$5,674","10/17/2018","$24.27","4.7","523","$8.72","72,555","7","FBA","1","Kitchen & Dining","Standard","6.5 x 3 x 5.61 in","8.6 oz","https://www.amazon.com/dp/B07JJY9JJV"
"","","B01BN8TEP4","OXO Good Grips 3-Piece POP Cereal Dispenser Set","OXO","$51.99","4,501","157","$234,007","02/09/2016","$31.07","4.8","14,650","$20.92","1,224","5","AMZ","8","Kitchen & Dining","Oversize","12.8 x 11.3 x 10.9 in","5 lb","https://www.amazon.com/dp/B01BN8TEP4"
"","","B0C9R64PP6","7Penn Produce Storage Containers for Refrigerator 3 Pack with Lids - Stackable Acrylic Fruit and Vegetable Keeper Bins for Fridge - Clear Stay Fresh Cube Produce Saver Set for Lettuce, Berries, Apples","7Penn","$27.59","","","$0.00","06/28/2023","","5","1","","223,830","7","FBA","2","Kitchen & Dining","","","","https://www.amazon.com/dp/B0C9R64PP6"
"","","B0CJC24B1F","Lallisa 8 Pack Clear Food Storage Containers with blue Lids and Handles Commercial Grade Square Food Storage Container Polycarbonate Food Storage Container for Home Storage Kitchen Restaurant(6 Qt)","Lallisa","$74.99","","","$0.00","09/18/2023","$42.67","","","$32.32","212,201","5","FBA","1","Kitchen & Dining","Oversize","11.9 x 9.97 x 31.36 in","9.75 lb","https://www.amazon.com/dp/B0CJC24B1F"
"","","B0CJRP381X","Vtopmart 14 PCS Airtight Food Storage Containers Set, BPA Free Plastic Kitchen Pantry Organizer, with Easy Lock Lids for Pasta Spaghetti Cereal Snack Flour Sugar Rice Organization, Include 120 Labels","","$38.99","1,230","41","$47,958","","","4.5","1,524","","6,608","","FBA","","Kitchen & Dining","","","","https://www.amazon.com/dp/B0CJRP381X"
"","","B09MXL1W9H","ProKeeper+ 9 Piece Clear Plastic Airtight Food Flour and Sugar Baker's Kitchen Storage Organization Container Canister Set with Magnetic Accessories","Progressive International","$69.99","6,563","215","$459,344","12/01/2021","$46.39","4.7","986","$23.60","764","6","FBA","4","Kitchen & Dining","Oversize","11 x 12 x 12 in","5 lb","https://www.amazon.com/dp/B09MXL1W9H"
"","","B01JCNEIC6","Rubbermaid Brilliance Leak-Proof Food Storage Containers with Airtight Lids, Set of 5 (10 Pieces Total) |BPA-Free & Stain Resistant Plastic","Rubbermaid","$22.09","5,422","243","$119,772","07/29/2016","$11.91","4.8","23,189","$10.18","630","6","FBA","12","Kitchen & Dining","Standard","8 x 7.5 x 10.75 in","2.64 lb","https://www.amazon.com/dp/B01JCNEIC6"
"","","B0B6NY9KKQ","coccot Food Storage Containers Set with Lids Airtight, Meal Prep Containers for Lunch , Glass Lunch Box for Kitchen, BPA Free20 Pieces","coccot","$39.79","2,732","64","$108,706","07/14/2022","$30.05","4.4","605","$9.74","3,968","7","FBA","3","Kitchen & Dining","Standard","7 x 8 x 17 in","10.8 oz","https://www.amazon.com/dp/B0B6NY9KKQ"
"","","B0CKVRB24F","GC GENICOOK Glass Food Storage Containers with Airtight Lids, Glass Meal Prep Containers for Lunch Food Storage with Lids, Glass Food Container Set, Glass Lunch Box for Kitchen, BPA Free20 Pieces","GC GENICOOK","$29.96","360","20","$10,786","10/10/2023","$16.94","4.8","71","$13.02","14,008","7","FBA","1","Kitchen & Dining","Standard","7 x 8 x 17 in","10.65 lb","https://www.amazon.com/dp/B0CKVRB24F"
"","","B075X416X8","DuraHome Food Storage Containers with Lids 8oz, 16oz, 32oz Freezer Deli Cups Combo Pack, 44 Sets BPA-Free Leakproof Round Clear Takeout Container Meal Prep Microwavable, Airtight Lids (Mixed Sizes)","DuraHome","$23.91","7,031","239","$168,111","09/24/2017","$16.55","4.6","17,961","$7.36","647","6","FBA","1","Kitchen & Dining","Standard","9 x 5 x 15.5 in","8 oz","https://www.amazon.com/dp/B075X416X8"
"","","B0CM3GVNQC","44 PCS Food Storage Containers with Lids Airtight, BPA Free Plastic Meal Prep Containers Reusable, Microwave/Freezer/Dishwasher Safe Clear Leakproof Fruit Vegetables Containers for Kitchen","Nibiuht","$27.97","487","14","$13,621","10/29/2023","$17.04","4.4","50","$10.93","20,254","7","FBA","1","Kitchen & Dining","Standard","6.5 x 6.5 x 14.9 in","3.75 lb","https://www.amazon.com/dp/B0CM3GVNQC"
"","","B0B9S5HZ26","Vtopmart 8 Pack Glass Food Storage Containers , Meal Prep , Airtight Bento Boxes with Leak Proof Locking Lids, for Microwave, Oven, Freezer and Dishwasher, BPA Free","Vtopmart","$26.99","11,140","369","$300,669","08/15/2022","$18.42","4.6","2,346","$8.57","314","6","FBA","1","Kitchen & Dining","Standard","6.06 x 2.75 x 8.14 in","12.5 oz","https://www.amazon.com/dp/B0B9S5HZ26"
"","","B0BLJ1P2Z6","DE'VELO Airtight Food Storage Containers  24 Pack BPA Free Kitchen Organization Set for Pantry Organization and Storage, Plastic Canisters with Durable Lids Ideal for Cereal, Flour & Sugar","DE'VELO","$29.99","210","7","$6,298","11/03/2022","","5","5","","38,830","","FBA","1","Kitchen & Dining","","","","https://www.amazon.com/dp/B0BLJ1P2Z6"
"","","B09KHFR6MY","MR.SIGA 4 Pack Airtight Food Storage Container Set, BPA Free Kitchen Pantry Organization Canisters with One-handed Leak Proof Lids, 1L / 33.8oz, Medium, White","MR.SIGA","$29.99","2,054","59","$61,599","10/26/2021","$19.70","4.4","884","$10.29","4,348","7","FBA","1","Kitchen & Dining","Standard","4.2 x 6.3 x 4.2 in","2.94 lb","https://www.amazon.com/dp/B09KHFR6MY"
"","","B0BZS66X6R","VERONES 24 Pieces Glass Food Storage Containers Set, Airtight Glass Lunch Containers, Glass Meal Prep Containers with Lids,BPA-Free, for Microwave, Oven, Freezer & Dishwasher Friendly,Grey","VERONES","$29.99","5,010","124","$150,250","03/27/2023","$16.96","4.6","599","$13.03","1,690","7","FBA","1","Kitchen & Dining","Standard","7.6 x 9 x 14.3 in","10.98 lb","https://www.amazon.com/dp/B0BZS66X6R"
"","","B0C5M9W2G5","Skroam 36 Pack Food Storage Containers (18 Airtight Kitchen Storage & 18 Lids), Plastic BPA-Free Meal Prep Container for Pantry Organizers and Storage with Free Labels & Marker","Skroam","$24.29","1,440","48","$34,978","05/17/2023","$13.21","4.4","805","$11.08","5,438","7","FBA","2","Kitchen & Dining","Standard","7.09 x 9.45 x 11.02 in","4.54 lb","https://www.amazon.com/dp/B0C5M9W2G5"
"","","B079M174TQ","50-Pack Reusable Meal Prep Containers Microwave Safe Food Storage Containers with Lids, 28 oz - 1 Compartment Take Out Disposable Plastic Bento Lunch Box To Go, BPA Free - Dishwasher & Freezer Safe","PROMOZE","$24.99","9,828","301","$245,602","02/04/2018","$8.12","4.6","23,916","$16.87","446","7","FBA","1","Kitchen & Dining","Oversize","14.45 x 15.91 x 7.05 in","5.34 lb","https://www.amazon.com/dp/B079M174TQ"
"","","B081JTZNRS","[10-Pack] Glass Meal Prep Containers with Lids-MCIRCO Food Storage Containers with Snap Locking Lids, Airtight Lunch Containers, Microwave, Oven, Freezer and Dishwasher","M MCIRCO","$39.99","7,450","119","$297,926","11/14/2019","$29.47","4.6","8,338","$10.52","1,798","6","FBA","1","Kitchen & Dining","Standard","9.84 x 7.4 x 15.86 in","13 oz","https://www.amazon.com/dp/B081JTZNRS"
"","","B0CC24LMCB","PRAKI 48 Pack Food Storage Containers with Airtight Lids (24 Containers & 24 Lids), Kitchen storage containers for Pantry Organizers and Storage, BPA-Free Meal Prep Container with Labels & Marker","PRAKI","$41.99","1,709","149","$71,761","07/16/2023","$28.36","4.1","214","$13.63","1,312","7","FBA","3","Kitchen & Dining","Standard","7.48 x 8.94 x 13.19 in","4.88 lb","https://www.amazon.com/dp/B0CC24LMCB"
"","","B07G92P81W","Joseph Joseph Nest Lock Plastic BPA Free Food Storage Container Set with Lockable Airtight Leakproof Lids, 10-Piece, Multi-Color","Joseph Joseph","$24.99","2,246","59","$56,128","08/06/2018","$14.81","4.7","6,652","$10.18","4,331","7","AMZ","11","Kitchen & Dining","Standard","9.65 x 6.42 x 7.87 in","2.24 lb","https://www.amazon.com/dp/B07G92P81W"
"","","B07N7M4JVX","DWLLZA KITCHEN Clear Airtight Food Storage Containers for Pantry With White Lids  6 Pack - Air Tight Kitchen Containers Pantry Organization and Storage - BPA-Free Plastic - Keeps Food Fresh & Dry","DWLLZA KITCHEN","$39.99","679","20","$27,153","01/28/2019","$28.20","4.6","4,905","$11.79","14,009","7","FBA","4","Kitchen & Dining","Standard","3.8 x 6.2 x 5.2 in","3 lb","https://www.amazon.com/dp/B07N7M4JVX"
"","","B0CKSBP3FT","Annaklin Nesting Silicone Food Storage Containers with Lid and Measuring Lines, 6 Pack, Airtight Hard-Shell Silicone Lunch Containers, Microwave Air Fryer Oven Freezer Dishwasher Safe, BPA Free, Blue","Annaklin","$27.99","60","2","$1,679","10/09/2023","$15.56","5","2","$12.43","99,177","7","FBA","1","Kitchen & Dining","Standard","6.69 x 5.91 x 7.87 in","3.12 lb","https://www.amazon.com/dp/B0CKSBP3FT"
"","","B0BPGLKC5B","CURTA 4 Pack Food Storage Container with Green Lid - NSF Commercial Grade in 4.0 Qt - Square, Clear, Polycarbonate","CURTA","$59.99","570","19","$34,194","02/14/2023","$43.36","4.4","62","$16.63","14,283","6","FBA","1","Kitchen & Dining","Standard","7.5 x 15.8 x 8.5 in","4.51 lb","https://www.amazon.com/dp/B0BPGLKC5B"
"","","B09B2F27HP","50 Pcs Large Food Storage Containers with Lids Airtight-85 OZ to Sauces Box-Total 526OZ Stackable Kitchen Bowls Set Meal Prep Container-BPA Free Leak proof Plastic Lunch Boxes- Freezer Microwave safe","RockBerry","$35.99","5,953","168","$214,248","10/15/2021","$26.82","4.5","4,384","$9.17","1,108","7","FBA","4","Kitchen & Dining","Standard","7.68 x 10.43 x 10.63 in","8.3 oz","https://www.amazon.com/dp/B09B2F27HP"
"","","B0CL9PZFZP","Moretoes 50 Pack 25oz Plastic Food Storage Containers with Lids, 750ml Disposable Microwaveable Meal Prep Containers Lunch Boxes Dishwasher Freezer Safe (Black)","Moretoes","$19.99","150","5","$2,998","10/17/2023","$10.71","4.5","2","$9.28","48,278","6","FBA","1","Kitchen & Dining","Standard","8.43 x 6.93 x 10.63 in","2.84 lb","https://www.amazon.com/dp/B0CL9PZFZP"
"","","B0C7WKLWTS","Cykorxicc 6pcs Large Stainless Steel Food Containers with Lids, Leakproof Meal Prep Containers, Airtight Kimchi Containers Reusable, Stackable/Oven/Dishwsher/Freezer Safe","Cykorxicc","$38.98","207","4","$8,069","07/31/2023","$26.70","4.6","50","$12.28","60,779","6","FBA","1","Kitchen & Dining","Standard","7 x 7 x 9 in","1.97 lb","https://www.amazon.com/dp/B0C7WKLWTS"
"","","B0CHG3KKTJ","Ello Plastic Mixed Meal Prep 10Pc, 5 Pack Set- BPA Free Plastic Food Storage Containers with Silicone Boot and Airtight Plastic Lids, Dishwasher, Microwave, and Freezer Safe, Elderberry","Ello","$19.99","990","28","$19,790","09/05/2023","$-14.37","4.7","51","$34.36","9,888","7","AMZ","2","Kitchen & Dining","Oversize","22.6 x 12.9 x 28.4 in","2.64 lb","https://www.amazon.com/dp/B0CHG3KKTJ"
"","","B0CKLZSX38","Ello Duraglass 10Pc Glass Meal Prep Container Set with Silicone Boot, Airtight Lids - BPA-Free, Dishwasher Safe","Ello","$38.49","5,771","202","$222,126","10/22/2023","$14.28","4.3","10","$24.21","844","7","AMZ","4","Kitchen & Dining","Oversize","12.8 x 7.01 x 17.91 in","3.68 kg","https://www.amazon.com/dp/B0CKLZSX38"
"","","B0CB1TDRLJ","Freshware [60 Pack, 8, 16, 32 oz, 20 sets each size Food Storage Containers with Lids, Plastic Deli Containers, Meal Prep Containers, Microwave and Freezer Safe, Stackable, Leakproof, BPA Free, Clear","Freshware","$19.99","15,432","379","$308,486","07/19/2023","$10.26","4.7","10,347","$9.73","300","7","AMZ","2","Kitchen & Dining","Standard","1 x 1 x 1 in","4.38 lb","https://www.amazon.com/dp/B0CB1TDRLJ"
"","","B0CLLS1X85","8 PCS Glass Food Storage Containers Set, 3 Cups Large Round Meal Prep Containers, Non-Toxic, BPA-Free Glass Soup Containers with Airtight Locking Tabs, Microwave, Dishwasher, and Freezer Safe","Freshmage","$39.99","877","34","$35,071","01/07/2024","$27.26","5","6","$12.73","8,008","7","FBA","1","Kitchen & Dining","Standard","5.2 x 9.3 x 10.3 in","4.8 lb","https://www.amazon.com/dp/B0CLLS1X85"
"","","B08W4QY23S","Glass Food Storage Containers 10 Pc, Airtight Glass Storage Containers with Lids, Glass Lunch Bento Boxes, Leak Proof BPA Free Glass Meal Prep Containers (5 lids, 5 Containers) Color Coordinating Lids","Razab","$33.99","144","6","$4,895","04/03/2022","$21.26","4.3","299","$12.73","42,199","7","FBA","1","Kitchen & Dining","Standard","7.32 x 7.24 x 11.5 in","7.5 lb","https://www.amazon.com/dp/B08W4QY23S"
"","","B09KHDR1KH","MR.SIGA 8 Piece Airtight Food Storage Container Set, BPA Free Kitchen Pantry Organization Canisters, One-handed Airtight Plastic Containers with Lids for Cereal, Spaghetti, Pasta, Black","MR.SIGA","$53.99","197","6","$10,636","10/26/2021","$39.16","4.3","143","$14.83","46,160","7","FBA","1","Kitchen & Dining","Standard","4.2 x 12.6 x 4.2 in","4.49 lb","https://www.amazon.com/dp/B09KHDR1KH"
"","","B0BXW86JZQ","Meal Prep Containers, [34oz 50Pack] Food Prep Containers with Lids, Disposable To Go Containers, Plastic Food Storage Containers with Lids, BPA Free, Stackable, Microwave/Dishwasher/Freezer Safe","RANLITTLE","$21.99","4,407","231","$96,910","03/08/2023","$12.26","4.4","568","$9.73","683","7","FBA","1","Kitchen & Dining","Standard","4.72 x 2.64 x 6.77 in","3.76 lb","https://www.amazon.com/dp/B0BXW86JZQ"
"","","B0CCL5M85H","YORY BPA Free nestable food storage containers with lids extra thick plastic freezer leftover meal prep Lunch container bowls airtight stackable Set of 5 (3 Cup)","YORY","$16.99","1,103","93","$18,740","07/20/2023","","4.6","60","","2,483","6","FBA","1","Kitchen & Dining","","","","https://www.amazon.com/dp/B0CCL5M85H"
"","","B08J8GGCWS","GoodCook EveryWare 60-Piece BPA-Free Plastic Food Storage Container Set, Clear/Grey","GoodCook","$22.99","4,490","125","$103,225","09/15/2020","$10.41","4.6","4,507","$12.58","1,688","6","FBA","6","Kitchen & Dining","Standard","13 x 17 x 8 in","4.449 lb","https://www.amazon.com/dp/B08J8GGCWS"
"","","B0988568YJ","Comfy Package, [48 Sets - Combo Plastic Deli Containers With Airtight Lids - 8 oz, 16 oz, 32 oz. - Food Storage/Soup Containers","Comfy Package","$23.99","5,116","107","$122,733","06/28/2021","$11.45","4.7","2,329","$12.54","2,075","6","FBA","3","Kitchen & Dining","Oversize","1 x 20 x 2 in","16 oz","https://www.amazon.com/dp/B0988568YJ"
"","","B0BLP6LS6S","Pyrex Freshlock 8-Pieces Mixed Sized Glass Food Storage Containers Set, Airtight & Leakproof Locking Lids, Freezer Dishwasher Microwave Safe","Pyrex","$35.99","6,279","199","$225,981","11/07/2022","","4.7","1,221","","863","6","AMZ","7","Kitchen & Dining","","","","https://www.amazon.com/dp/B0BLP6LS6S"
"","","B083GQS9JR","Chef's Path Food Storage Containers - Airtight Lids for Kitchen and Pantry Organization - Set of 12 - Essential for Flour - Sugar and Dry Food Storage - BPA Free Plastic Canisters with Accessories","Chef's Path","$35.99","3,404","134","$122,510","01/03/2020","$22.66","4.7","56,887","$13.33","1,534","7","FBA","2","Kitchen & Dining","Standard","11.89 x 15.98 x 6.1 in","4.22 lb","https://www.amazon.com/dp/B083GQS9JR"
"","","B0CMZYDTZ2","Yungyan 12 Pcs 4 Qt Commercial Food Storage Containers with Lids Restaurant Square Airtight Food Storage Containers Clear Cereal Storage Containers for Pantry Kitchen, Freezer and Dishwasher Safe","Yungyan","$90.99","","","$0.00","01/02/2024","","","","","259,951","","FBA","1","Kitchen & Dining","","","","https://www.amazon.com/dp/B0CMZYDTZ2"
"","","B07V9HR6BK","LOCK & LOCK Easy Essentials Food Storage lids/Airtight containers, BPA Free, 10 Piece - Square, Clear","LOCK & LOCK","$19.99","622","16","$12,434","07/14/2019","$11.20","4.7","2,475","$8.79","17,537","6","AMZ","3","Kitchen & Dining","Standard","8.3 x 4.1 x 8.3 in","1.48 lb","https://www.amazon.com/dp/B07V9HR6BK"