"Export time:  2/11/2024, 3:05:59 AM","","ASIN","Product Name","Brand","Price","Monthly Units Sold","Daily Units Sold","Monthly Revenue","Date First Available","Net Revenue","Star Rating","Reviews","Amazon Fees","BSR","LQS","Seller Type","Sellers","Category","Product Tier","Dimensions","Weight","Link"
"","","B0BCTNZ2N2","StarJungle Central Air Conditioner Cover for Outside Units - 36' x 36' Durable AC Cover for Outside Unit, Leaf Guard Mesh Air Conditioner Cover","StarJungle","$19.99","61","2","$1,219","09/01/2022","$12.47","4.9","31","$7.52","336,304","7","FBA","1","Home & Kitchen","Standard","7.6 x 1.65 x 11.1 in","14.9 oz","https://www.amazon.com/dp/B0BCTNZ2N2"
"Air Conditioner Cover For Outside Units - AC Cover For Outside Unit - Central AC Unit Covers Outdoor - Winter AC Condenser Cover - Dual Shoelace Drawstring For Snug Fit.","","B0CCJRQKTD","Westblue Air Conditioner Cover for Outside Units-Durable 600D AC Cover for Outside Unit Waterproof & Resistant AC Unit Covers Outdoor Central Square Fits up to 30 x 30 x 32 inches","Westblue","$27.97","315","7","$8,811","07/20/2023","$17.34","4.7","469","$10.63","121,402","7","FBA","2","Home & Kitchen","Standard","11.93 x 3.66 x 12.09 in","2.88 lb","https://www.amazon.com/dp/B0CCJRQKTD"
"Average Monthly Sales: 264","","B0CG18VD9D","Air Conditioner Cover For Outside Units - AC Cover For Outside Unit - Central AC Unit Covers Outdoor - Winter AC Condenser Cover - Dual Shoelace Drawstring For Snug Fit.","AC COAT","$32.99","599","14","$19,761","08/28/2023","$21.61","4.8","71","$11.38","67,039","7","FBA","1","Home & Kitchen","Standard","8.62 x 3.74 x 12.76 in","3.72 lb","https://www.amazon.com/dp/B0CG18VD9D"
"Average Revenue: $6,311","","B0CLGMYLN9","Zettum Air Conditioner Cover for Outside Units 30 Inch - 600D Air Conditioning AC Covers Waterproof, Outdoor Winter Cover for Central AC Condenser, Swamp Cooler, Pool Heater, Heat Pump, HVAC and More","Zettum","$26.99","561","7","$15,141","11/30/2023","$-58.48","4.7","64","$85.47","125,672","7","FBA","1","Home & Kitchen","Oversize","30 x 36 x 30 in","1.7 lb","https://www.amazon.com/dp/B0CLGMYLN9"
"Average Price: $22.90","","B0CLT16JJ5","Winter Air Conditioner Covers for Outside Units 36x36 Inch Waterproof Central AC Cover for Outdoor Unit Sturdy Covers AC Defender Heavy Duty Top AC Unit Covers Outdoor Winter Condenser Heat Pump Cover","MQLD","$18.99","","","$0.00","12/18/2023","","5","2","","1,493,833","","FBA","1","Home & Kitchen","","","","https://www.amazon.com/dp/B0CLT16JJ5"
"Average No. of Ratings: 652","","B0CLGNMVGJ","Zettum Air Conditioner Cover for Outside Units 36 Inch - 600D Air Conditioning AC Covers Waterproof, Outdoor Winter Cover for Central AC Condenser, Swamp Cooler, Pool Heater, Heat Pump, HVAC and More","Zettum","$27.99","568","7","$15,898","11/30/2023","$-58.42","4.7","64","$86.41","125,672","7","FBA","1","Home & Kitchen","Oversize","36 x 39 x 36 in","2.12 lb","https://www.amazon.com/dp/B0CLGNMVGJ"
"Average Sales Rank: 388,654","","B0BQ2XDL8B","Air Conditioner Covers for Outside Units Central Ac Cover Leaf Guard Heavy Duty Mesh AC Defender for Outdoor Square Units, All Season Black ","yhslmh","$19.99","50","2","$999","01/02/2023","$13.22","4.7","427","$6.77","350,715","6","FBA","1","Home & Kitchen","Standard","7.8 x 1.46 x 9.49 in","9.6 oz","https://www.amazon.com/dp/B0BQ2XDL8B"
"Average Rating Number: 4.6","","B0978YX13S","Sunnyglade 24x24x30 Central Air Conditioner Covers for Outside Units (24x24x30)","Sunnyglade","$18.99","30","1","$569.70","10/26/2018","$11.62","4.6","964","$7.37","666,550","6","FBA","1","Home & Kitchen","Standard","9.21 x 2.09 x 12.68 in","15.2 oz","https://www.amazon.com/dp/B0978YX13S"
"","","B0CG17KHR3","Air Conditioner Cover for Outside Units - AC Cover for Outside Unit - Central AC Unit Covers Outdoor - Winter AC Condenser Cover - Dual Shoelace Drawstring for Snug Fit.","AC COAT","$23.99","620","15","$14,874","08/28/2023","$14.60","4.8","71","$9.39","60,824","7","FBA","1","Home & Kitchen","Standard","9.92 x 2.56 x 12.56 in","2.33 lb","https://www.amazon.com/dp/B0CG17KHR3"
"","","B0CG3HZZ97","Central Air Conditioner Cover for Outside Units, 2-in-1 Waterproof Full AC Cover with Ventilated Mesh and Detachable Top Design, Seasons AC Unit Protection cover(24'L*24'W*28'H)","","$24.99","120","4","$2,999","","","4.6","278","","187,318","","FBA","","Home & Kitchen","","","","https://www.amazon.com/dp/B0CG3HZZ97"
"","","B0B2VMSBMR","Mini Split Cover,Large Condenser Cover For Mini Split Ac Covers For Outside Unit- 420D Oxford Fabric Heavy Duty Rectangle Air Conditioner Cover Outdoor Compressor.condenser Covers","cOOva","$26.99","240","8","$6,478","12/15/2021","$17.37","4.6","125","$9.62","114,075","6","FBA","1","Home & Kitchen","Standard","6.18 x 1.93 x 10.98 in","15.5 oz","https://www.amazon.com/dp/B0B2VMSBMR"
"","","B0CD7TCR2G","Air Conditioner Cover for Outside Units - 34 x 34 x 32 inches AC Covers for Outdoor Waterproof Anti-Hail Windproof Design - AC Unit Covers Winter Outdoor Full Protection","zeeyoocc","$18.99","784","13","$14,888","10/09/2023","","4.5","78","","72,721","7","FBA","1","Home & Kitchen","","","","https://www.amazon.com/dp/B0CD7TCR2G"
"","","B0CDL7CWQP","STARTWO Air Conditioner Cover for Outside Units - Durable Waterproof Square AC Cover for Outdoor with Windproof Buckles Elastic Hem, Fits up to 24x24x31inches, Black","STARTWO","$18.99","138","3","$2,621","08/02/2023","$4.16","4.6","71","$14.83","250,911","7","FBA","1","Home & Kitchen","Oversize","24 x 31 x 24 in","0.634 oz","https://www.amazon.com/dp/B0CDL7CWQP"
"","","B0CNJXGCD3","Air Conditioner Covers for Outside Units 3232, Waterproof and Snowproof Top AC Covers for Outside Winter AC Unit Covers Protect Air Conditioner","gofeel","$20.99","","","$0.00","11/16/2023","$14.07","4.5","8","$6.92","987,271","6","FBA","1","Home & Kitchen","Standard","5.1 x 1 x 7.4 in","8 oz","https://www.amazon.com/dp/B0CNJXGCD3"
"","","B09BF6L4FP","NEAGLORY Air Conditioner Cover for Outside, AC Unit Covers Outdoor Fits up to 24X24X30 Inch, Durable Waterproof Windproof and Snowproof Design","NEAGLORY","$9.99","214","6","$2,138","07/28/2021","$-3.11","4.6","614","$13.10","145,998","6","FBA","1","Home & Kitchen","Oversize","24 x 30 x 24 in","8.1 oz","https://www.amazon.com/dp/B09BF6L4FP"
"","","B0C2PYH46L","IDAND Air Conditioner Cover for Outside Units with Waterproof Fabric, Durable for Outdoor Air Conditioner Protection, Fits up to 38W x 38D x 40H Inch","IDAND","$36.99","69","","$2,552","09/01/2023","$24.41","4.8","12","$12.58","801,352","6","FBA","1","Home & Kitchen","Standard","13.58 x 3.54 x 15.08 in","3.65 lb","https://www.amazon.com/dp/B0C2PYH46L"
"","","B08GCGVFXV","Homydom Air Conditioner Cover for Outside Units,AC Cover for Outdoor Central Unit Top,Air Conditioner Cover Waterproof Material, Snow-Resist,32 x 32 Inches","Homydom","$9.99","60","2","$599.40","10/14/2020","$2.16","4.6","278","$7.83","336,187","6","FBA","1","Home & Kitchen","Standard","7.874 x 1.969 x 7.874 in","1.014 lb","https://www.amazon.com/dp/B08GCGVFXV"
"","","B08HRYJPDR","Qualward Air Conditioner Covers for Outside Units, AC Cover for Outdoor Central Unit Top Heavy Duty Water-Resistant Fits Up to 36 x 36 Inch, Black","Qualward","$19.99","156","1","$3,118","11/24/2020","$11.85","4.7","482","$8.14","606,760","6","FBA","1","Home & Kitchen","Standard","11 x 0.3 x 12.1 in","1.05 lb","https://www.amazon.com/dp/B08HRYJPDR"
"","","B01MXHEKVP","Air Conditioner Cover for Outside Unit, Heavy Duty Large Universal Veranda, Winter AC Cover for Standard American Furniture Central Outdoor Vent Full Cover 34 x 34 x 30 inch","Little World","$19.99","363","8","$7,256","11/06/2016","$11.85","4.4","2,002","$8.14","114,721","6","FBA","1","Home & Kitchen","Standard","9.17 x 10.87 x 2.09 in","0.88 lb","https://www.amazon.com/dp/B01MXHEKVP"
"","","B0CL4HMWZC","Yogayet Air Conditioner Cover for Outside Unit Durable 420D Winter AC Cover Waterproof Windproof Central Air Conditioner Cover Large Size Air Conditioner Protection Fits up to 24 x 24 x 30 inches","Yogayet","$16.99","","","$0.00","10/15/2023","","4.6","3","","948,606","7","FBA","1","Home & Kitchen","Standard","9.06 x 1.38 x 9.84 in","0.68 oz","https://www.amazon.com/dp/B0CL4HMWZC"
"","","B08HW9QGS6","Full Mesh Air Conditioner Cover  AC Cover Designed to Protect Coils from Clogging - Leaves, Grass, dust and Debris - Outdoor Protection","Lisol","$34.99","80","4","$2,799","09/11/2020","$-52.47","4.6","423","$87.46","214,419","7","FBA","1","Home & Kitchen","Oversize","32 x 36 x 32 in","2.38 lb","https://www.amazon.com/dp/B08HW9QGS6"
"","","B08157SZK5","ALPINE HARDWARE Outdoor Window AC Covers [Window Air Conditioner Protection Cover] (Black, 15' H x 21' W x 16' D)","ALPINE HARDWARE","$13.97","210","7","$2,934","02/02/2020","$7.13","4.4","434","$6.84","132,785","6","FBA","1","Home & Kitchen","Standard","8.543 x 10.945 x 1.417 in","0.9 lb","https://www.amazon.com/dp/B08157SZK5"
"","","B09D75JP61","Joiish Air Conditioner Cover Full Mesh With Detachable Waterproof Top, Breathable & All Seasons, 28 x 28 x 32 Inch Outside Central AC Unit Protector Against Leaves, Weeds, Cottonwood and Debris","Joiish","$39.99","117","5","$4,679","08/19/2021","$-48.22","4.6","651","$88.21","161,948","6","FBA","2","Home & Kitchen","Oversize","28 x 32 x 28 in","2.72 lb","https://www.amazon.com/dp/B09D75JP61"
"","","B098Q29NTG","ULTCOVER Waterproof Square Air Conditioner Cover for Outside AC Units Size Upto 30W x 30D x 32H inch","ULTCOVER","$29.99","1,385","26","$41,536","09/06/2021","$19.06","4.7","960","$10.93","35,455","6","FBA","1","Home & Kitchen","Standard","8.701 x 11.142 x 3.268 in","3.739 lb","https://www.amazon.com/dp/B098Q29NTG"
"","","B09FDRW7QS","Central Air Conditioner Covers for Outside Units, Waterproof Windproof Heavy Duty Large AC Covers Square for Winter Outdoor Protection (32x32x36inches)","DTRK","$25.19","422","12","$10,630","09/02/2021","$15.62","4.8","310","$9.57","76,790","7","FBA","1","Home & Kitchen","Standard","11.61 x 1.69 x 13.62 in","2.81 lb","https://www.amazon.com/dp/B09FDRW7QS"
"","","B07QJG2FZQ","MODERN WAVE Central Air Conditioner Cover for Outside Units 32 x 32 - Top Universal Outdoor AC Cover Defender (Mesh, 32' x 32')","MODERN WAVE","$22.99","2,149","60","$49,406","03/30/2019","$15.02","4.7","4,220","$7.97","14,668","7","FBA","1","Home & Kitchen","Standard","9 x 1 x 9 in","12.8 oz","https://www.amazon.com/dp/B07QJG2FZQ"
"","","B07Z514TRN","Foozet Air Conditioner Cover for Outside Units, AC Cover for Outdoor Central Unit Square Fits up to 36 x 36 x 39 Inches","Foozet","$19.98","","","$0.00","10/14/2019","$-64.44","4.5","238","$84.42","701,725","6","FBA","1","Home & Kitchen","Oversize","36 x 39 x 36 in","1.32 lb","https://www.amazon.com/dp/B07Z514TRN"
"","","B0CHX7BSXZ","Air Conditioner Cover for Outside Unit Central AC Cover Fits up to 24 x 24 x 30 inches","GOLIFE","$11.99","30","1","$359.70","07/08/2021","$4.40","4.5","46","$7.59","621,829","6","FBA","1","Home & Kitchen","Standard","10 x 3.03 x 11.46 in","2.46 lb","https://www.amazon.com/dp/B0CHX7BSXZ"
"","","B0C5DCG88R","Porch Shield 600D Waterproof Air Conditioner Covers for Outside Units Square AC Cover Black - 30 x 30 x 32 inch","Porch Shield","$30.99","216","2","$6,694","09/20/2023","","4.6","458","","310,465","6","FBA","1","Home & Kitchen","","","","https://www.amazon.com/dp/B0C5DCG88R"
"","","B07YB76363","Aozzy Central Air Conditioner Covers for Outside Units Heavy DutyAc Cover for Outdoor Unit Square Winter Withstand The Rain and Snow, Or Nuts Fit Up to 34x34x30 inchs","Aozzy","$16.99","179","3","$3,041","11/19/2019","$9.30","4.5","873","$7.69","255,871","6","FBA","1","Home & Kitchen","Standard","7.5 x 12.3 x 1.9 in","0.95 lb","https://www.amazon.com/dp/B07YB76363"
"","","B0B344XS65","Xeeol Air Conditioner Cover Outdoor, Universal Central Conditioning Covers for Outside Units, Mesh AC Condenser Cover Defender, All Season Protection (32'' x 32'')","Xeeol","$19.98","146","4","$2,917","08/09/2022","$12.46","4.6","262","$7.52","190,205","7","FBA","1","Home & Kitchen","Standard","5.24 x 8.9 x 1.81 in","0.82 lb","https://www.amazon.com/dp/B0B344XS65"
"","","B07ZK22RGM","Winter Air Conditioner Covers for Outside Units, Waterproof Central Cover Sturdy Covers Ac Defender, Heavy Duty Top Ac Cover for Outdoor","yhslmh","$25.99","127","2","$3,301","12/26/2019","$17.57","4.7","460","$8.42","356,686","7","FBA","1","Home & Kitchen","Standard","6.9 x 9.7 x 1.3 in","0.88 lb","https://www.amazon.com/dp/B07ZK22RGM"
"","","B08GKCZL4P","Foozet Air Conditioner Cover for Outside Units, AC Cover for Central Units, Heavy Duty Winter Top, 32 x 32","Foozet","$17.96","90","3","$1,616","10/07/2018","$9.89","4.7","1,840","$8.07","271,833","6","FBA","1","Home & Kitchen","Standard","10.906 x 10.945 x 1.26 in","0.986 lb","https://www.amazon.com/dp/B08GKCZL4P"
"","","B0C9YH88QS","Air Conditioner Cover for Outside Units - 420D Waterproof Air Conditioner Protection Covers for Window Unit - Winter AC Covers Fits AC Condensing HVAC Unit(Black-28''LX28''WX32''H)","LXKCKJ","$25.99","109","3","$2,833","06/29/2023","$1.13","4.6","691","$24.86","274,288","7","FBA","1","Home & Kitchen","Oversize","28 x 28 x 32 in","14 oz","https://www.amazon.com/dp/B0C9YH88QS"
"","","B08M8YJK63","MODERN WAVE - 2 (Two) Central Air Conditioner Covers for Outside Units 32 x 32 inch - 1 (One) Top Universal Mesh Cover and 1 (One) Winter Waterproof Outdoor AC Defender Cover (Black, 32' x 32')","MODERN WAVE","$27.99","203","7","$5,682","01/11/2021","","4.7","1,182","","119,103","7","FBA","1","Home & Kitchen","","","","https://www.amazon.com/dp/B08M8YJK63"
"","","B08HS2C4P9","Qualward Air Conditioner Cover for Outside Units, AC Cover for Outdoor Central Unit Heavy Duty Water-Resistant Design - Square Fits up to 30 x 30 x 32 Inches","Qualward","$22.99","60","","$1,379","10/07/2020","$-61.88","4.7","783","$84.87","802,195","6","FBA","1","Home & Kitchen","Oversize","30 x 32 x 30 in","1.19 lb","https://www.amazon.com/dp/B08HS2C4P9"
"","","B0CGZFYVNP","WOMACO Air Conditioner Cover for Outside Unit, Outdoor Waterproof AC Cover with Support Pole Snowproof Heavy Duty A/C Condenser Covers (Black, 24'x24'x31')","WOMACO","$22.99","","","$0.00","08/30/2023","$11.91","3.8","8","$11.08","1,145,876","7","FBA","1","Home & Kitchen","Standard","9.9 x 2.9 x 11.4 in","4.54 lb","https://www.amazon.com/dp/B0CGZFYVNP"
"","","B0C1B885QS","kayme Air Conditioner Cover for Outside Units, 600D Durable AC Cover for Outside Unit Water Snow Dust Sun Protection, Square-Fits Up to 36 x 36 x 39 inches","kayme","$26.96","45","1","$1,213","04/02/2023","$-59.29","4.9","49","$86.25","564,802","7","FBA","1","Home & Kitchen","Oversize","36 x 39 x 36 in","2.79 lb","https://www.amazon.com/dp/B0C1B885QS"
"","","B0B8C2HMTB","Air Conditioner Cover for Outside Units Ac Cover for Outside UnitWaterproof Fits Up to 24 x 24 x 30inches","YCXXKJ","$18.99","126","2","$2,393","08/01/2022","$12.37","4.5","200","$6.62","369,137","6","FBA","1","Home & Kitchen","Standard","9.06 x 1.69 x 11.26 in","9.9 oz","https://www.amazon.com/dp/B0B8C2HMTB"
"","","B09CTJQT4B","Zomia Air Conditioner Covers for Outside Units, AC Cover for Outdoor Central Unit Top Heavy Duty Water-Resistant Fits Up to 32 x 32 Inch, Black","Zomia","$17.99","78","1","$1,403","10/11/2021","$11.52","4.6","104","$6.47","473,973","7","FBA","1","Home & Kitchen","Standard","8.58 x 0.87 x 8.62 in","10.2 oz","https://www.amazon.com/dp/B09CTJQT4B"
"","","B07XMK82KD","Luxiv Central Air Conditioner Covers, Air Conditioner Cover for Outside Units 24W x 24D x 30H Black Dust-Proof Waterproof AC Cover Outdoor AC Protection Cover (24W x 24D x 30H) (24W x 24D x 30H)","Luxiv","$16.99","117","1","$1,988","09/05/2019","$10.67","4.6","891","$6.32","440,127","6","FBA","3","Home & Kitchen","Standard","7.05 x 1.57 x 10.51 in","10.9 oz","https://www.amazon.com/dp/B07XMK82KD"
"","","B088ZN8PG6","BOLTLINK Air Conditioner Covers for Outside Units, AC Unit Covers Outdoor Fits up to 32 x 32 x 36 inches","BOLTLINK","$27.99","295","7","$8,257","08/24/2020","$17.36","4.7","2,269","$10.63","124,834","6","FBA","1","Home & Kitchen","Standard","9.6 x 10.7 x 3 in","3.4 lb","https://www.amazon.com/dp/B088ZN8PG6"
"","","B07WV9XK68","Coitak Air Conditioner Cover for Outside Units, Winter AC Defender, Heavy Duty Top Air Conditioner Cover (32 x 32 inch)","Coitak","$16.98","158","3","$2,683","08/22/2019","$9.29","4.6","944","$7.69","266,500","6","FBA","4","Home & Kitchen","Standard","7.52 x 1.69 x 11.14 in","1.46 lb","https://www.amazon.com/dp/B07WV9XK68"
"","","B077VS4BZR","JEACENT Air Conditioner Covers for Outside Units Central AC Covers 26x26x32 inches","JEACENT","$27.99","94","2","$2,631","11/30/2017","$19.27","4.6","2,402","$8.72","367,923","6","FBA","1","Home & Kitchen","Standard","9.92 x 2.17 x 10.59 in","13.1 oz","https://www.amazon.com/dp/B077VS4BZR"
"","","B096X2MVCZ","FORSPARK Air Conditioner Cover for Outside Units AC Cover for Outdoor-Fits up to 32  32  36 inches","FORSPARK","$27.99","249","7","$6,970","09/19/2021","$17.36","4.7","986","$10.63","122,886","6","FBA","1","Home & Kitchen","Standard","10.906 x 11.969 x 3.11 in","3.43 lb","https://www.amazon.com/dp/B096X2MVCZ"
"","","B0B3M55VS4","COSFLY Air Conditioner Cover for Outside Units, AC Covers for Outdoor Heavy Duty - Square Fits up to 32 x 32 x 36 Inches","COSFLY","$20.99","418","16","$8,774","06/08/2022","$-65.16","4.7","77","$86.15","59,521","6","FBA","1","Home & Kitchen","Oversize","32 x 36 x 32 in","3.34 lb","https://www.amazon.com/dp/B0B3M55VS4"
"","","B08GF7MRS4","Homydom Air Conditioner Covers for Outside Units Fits up to 30'x30'x32' Full Winter AC Unit Covers Outdoor Protection","Homydom","$27.99","","","$839.70","10/28/2020","","4.5","229","","959,786","7","FBA","1","Home & Kitchen","","9.92 x 13.07 x 2.17 in","","https://www.amazon.com/dp/B08GF7MRS4"
"","","B07M7MJKL8","Foozet Central Air Conditioner Covers for Outside Units 26x26x32","Foozet","$25.59","249","6","$6,372","06/07/2018","$16.61","4.6","1,891","$8.98","141,972","5","FBA","1","Home & Kitchen","Standard","11 x 11.3 x 0.6 in","1.049 lb","https://www.amazon.com/dp/B07M7MJKL8"
"","","B08NB35CZ1","Perfitel AC Cover for outside units -Central air conditioner Cover Defender-Waterproof Heavy Duty Top Air Conditioner Cover (32X32 inch)","Perfitel","$23.69","60","2","$1,421","12/13/2020","$15.25","4.5","312","$8.44","304,449","6","FBA","1","Home & Kitchen","Standard","14 x 1.5 x 10 in","1.2 lb","https://www.amazon.com/dp/B08NB35CZ1"
"","","B08GCDFYTS","Air Conditioner Covers for Outside Units 36  36 inch Winter Top Outdoor AC Cover Defender Central Units","Qualward","$16.95","","","$0.00","08/19/2020","$9.27","4.8","218","$7.68","1,167,240","6","FBA","1","Home & Kitchen","Standard","10 x 1 x 12 in","1.1 lb","https://www.amazon.com/dp/B08GCDFYTS"
"","","B088ZHCZTF","Bestalent Air Conditioner Cover for Outside Unit Central AC cover Fits up to 32 x 32 x 36 inches","Bestalent","$25.99","207","5","$5,380","05/20/2020","$15.66","4.7","2,993","$10.33","182,649","6","FBA","1","Home & Kitchen","Standard","10.35 x 3.62 x 11.3 in","3.27 lb","https://www.amazon.com/dp/B088ZHCZTF"
"","","B076K83F2Y","Jeacent Air Conditioner Cover for Outside Units, Heavy Duty Winter Top","JEACENT","$19.99","355","4","$7,096","10/18/2017","$7.67","4.7","1,511","$12.32","211,298","5","FBA","1","Home & Kitchen","Oversize","28 x 4 x 28 in","9.9 oz","https://www.amazon.com/dp/B076K83F2Y"
"","","B079L4B78X","Jeacent Air Conditioner Covers For Outside Units Black,AC Cover For Outside Unit, Air Conditioner Leaf Guard Open Mesh (36'36')","JEACENT","$19.99","48","2","$959.52","02/04/2018","$12.47","4.6","132","$7.52","381,199","6","FBA","1","Home & Kitchen","Standard","10.2 x 1.06 x 11.26 in","15.2 oz","https://www.amazon.com/dp/B079L4B78X"
"","","B0C4SRBT5S","Central Air Conditioner Covers for Outside Units,AC Cover for Outside Unit,32 x 32 inch Covers AC Defender,All Season Universal Mesh Air Conditioner Cover","Yeebarle","$17.99","105","","$1,889","08/08/2023","$11.75","4.6","14","$6.24","1,152,246","6","FBA","1","Home & Kitchen","Standard","11.81 x 1.57 x 8.66 in","5.6 oz","https://www.amazon.com/dp/B0C4SRBT5S"
"","","B07YB81RL1","Aozzy Air Conditioner Covers For Window Units Ac Covers For Outside Unit Winter Outdoor Heavy Duty Waterproof Insulation Defender With Adjustable Straps 25.5'W x 17'H x 20.5'D Inches","Aozzy","$16.99","168","2","$2,854","09/23/2019","$9.30","4.3","1,319","$7.69","310,342","6","FBA","1","Home & Kitchen","Standard","5.2 x 2.5 x 9.3 in","1.15 lb","https://www.amazon.com/dp/B07YB81RL1"
"","","B0BQ28V5V5","Air Conditioner Covers for Outside Units Central Ac Cover Leaf Guard Heavy Duty Mesh AC Defender for Outdoor Square Units, All Season Black ","yhslmh","$28.99","60","2","$1,739","12/13/2022","$22.22","4.7","427","$6.77","350,715","6","FBA","1","Home & Kitchen","Standard","7.8 x 1.46 x 9.49 in","9.6 oz","https://www.amazon.com/dp/B0BQ28V5V5"
"","","B097SRZVGJ","BRIVIC AC Covers for Outside Air Conditioner Covers for Outside Unit Winter Fits up to 32 x 32 x 36 inches","BRIVIC","$30.99","139","3","$4,308","06/23/2021","$19.91","4.7","1,008","$11.08","230,908","6","FBA","1","Home & Kitchen","Standard","10.63 x 3.58 x 12.48 in","3.49 lb","https://www.amazon.com/dp/B097SRZVGJ"
"","","B08LD61HMT","AKEfit Air Conditioner Cover for Outside, Heavy Duty Waterproof AC Defender with Durable Oxford Fabric A/C Cover for Outside Unit Veranda AC Protector (30'W x 30'D x 32'H, Grey)","AKEfit","$18.99","215","2","$4,083","12/30/2018","$9.71","4.7","712","$9.28","392,662","6","FBA","2","Home & Kitchen","Standard","11.811 x 14.134 x 2.795 in","2.69 lb","https://www.amazon.com/dp/B08LD61HMT"
"","","B0B9M1F86J","Air Conditioner Cover for Outside Units, Durable Square AC Cover, Outside Window AC Unit Cover Black Dust-Proof Waterproof AC Cover Fits up to 24 x 24 x 30 inches","SORALEK","$22.99","","","$6,631","09/24/2023","","4.6","96","","780,941","6","FBA","1","Home & Kitchen","","","","https://www.amazon.com/dp/B0B9M1F86J"
"","","B08R5V1X87","SimpleHouseware Air Conditioner Cover Outdoor AC Units Protection","Simple Houseware","$19.97","60","2","$1,198","12/21/2020","$-65.24","4.6","371","$85.21","363,047","5","FBA","1","Home & Kitchen","Oversize","32 x 36 x 32 in","2.79 lb","https://www.amazon.com/dp/B08R5V1X87"