"Export time:  2/1/2024, 1:47:19 PM","","ASIN","Product Name","Brand","Price","Monthly Units Sold","Daily Units Sold","Monthly Revenue","Date First Available","Net Revenue","Star Rating","Reviews","Amazon Fees","BSR","LQS","Seller Type","Sellers","Category","Product Tier","Dimensions","Weight","Link"
"","","B096VQF9FR","Fobule 48 Wall Mounted Clothes Rack, Industrial Pipe Black Iron Garment Bar, Heavy-Duty Detachable Clothing Rod, Multi-Purpose Metal Wall display Hanging Pole for Closet Storage, Laundry Room 2 Base","Fobule","$37.99","267","6","$10,143","06/07/2021","$21.83","4.4","199","$16.16","139,136","7","FBA","1","Home & Kitchen","Oversize","22.8 x 2.8 x 3.5 in","4.04 lb","https://www.amazon.com/dp/B096VQF9FR"
"clothing display","","B0CFF1HNT1","Simple Houseware Clothing Garment Rack With Shelve, Black","Simple Houseware","$39.87","60","2","$2,392","","","","","","301,094","","FBA","","Home & Kitchen","","","","https://www.amazon.com/dp/B0CFF1HNT1"
"Average Monthly Sales: 1,090","","B0CJ6TJQH3","hanvate Adjustable T Shirt Display Child for Vendors,Flexible Shirt Rack Shoulder Stand, Portable Hanging Black Metal Clothes Display, Hanger Rack for Clothing Dress Garment Coat Retail","hanvate","$20.99","90","3","$1,889","09/15/2023","","5","2","","296,524","6","FBA","1","Home & Kitchen","","","","https://www.amazon.com/dp/B0CJ6TJQH3"
"Average Revenue: $33,314","","B0CNYRMB4D","2 Pcs Adjustable T Shirt Display Adult/Child Flexible Shoulder Stand Shirt Rack for Vendors, Portable Hanging Metal Clothing Display, Garment Hanger Rack Coat Holder for Retail -31.5 Inch Height","Ketofa","$34.99","129","5","$4,514","11/24/2023","","4.5","2","","172,905","7","FBA","1","Home & Kitchen","","","","https://www.amazon.com/dp/B0CNYRMB4D"
"Average Price: $45.72","","B0CP7VF7J1","GIPOBUY T Shirt Display Stand Clothing Display Rack, Portable Adjustable Pant Shirt Rack Jersey Hanger Stand, Shoulder Stand For Retail, Boutique, Vendors, Trade Shows, Store, Events (Non-Heavy Duty)","GIPOBUY","$29.99","60","2","$1,799","11/29/2023","","","","","326,254","7","FBA","1","Home & Kitchen","","","","https://www.amazon.com/dp/B0CP7VF7J1"
"Average No. of Ratings: 1,126","","B0B5DG6Q3H","JIUYOTREE Metal 43.3 Inches Garment Rack with Bottom Shelf Clothing Rack for Hanging Clothes Coats Skirts Shirts Sweaters Gold","JIUYOTREE","$22.97","12,212","386","$280,510","06/28/2022","","3.8","7,957","","1,077","6","FBA","1","Home & Kitchen","","","","https://www.amazon.com/dp/B0B5DG6Q3H"
"Average Sales Rank: 235,795","","B08C5795MS","Finnhomy Rustic Clothes Rack, Clothing Rack for Hanging Clothes Heavy Duty Garment Rack with 5 Wood Shelves Freestanding Portable Closet Organizer for Bedroom/Entryway/BoutiquesMatte Black","Finnhomy","$69.99","343","10","$24,007","06/30/2020","$40.67","4.5","722","$29.32","94,677","7","FBA","5","Home & Kitchen","Oversize","15 x 4 x 35 in","26.85 lb","https://www.amazon.com/dp/B08C5795MS"
"Average Rating Number: 4.3","","B0C27C4WFL","Ripeng 2 Way Clothing Rack with Straight and Slant Arms Heavy Duty Clothes Rack Garment Rack for Retail Restaurants Storage Display, Adjustable from 48 Inch to 72 Inch (Black)","Ripeng","$78.99","90","3","$7,109","04/11/2023","","4.2","3","","298,195","7","FBA","1","Home & Kitchen","","","","https://www.amazon.com/dp/B0C27C4WFL"
"","","B0BYMY9GZ4","Qunclay Adjustable T Shirt Display Flexible Shoulder Stand Shirt Rack Portable Hanging Black Metal Clothes Hanger Rack for Clothing Garment Coat Retail Vendor, Height 16-27.9 Inch (2 Pcs)","Qunclay","$35.99","614","26","$22,098","03/15/2023","","4","61","","36,125","6","FBA","1","Home & Kitchen","","","","https://www.amazon.com/dp/B0BYMY9GZ4"
"","","B0CJPX9R4W","Adjustable Adult T Shirt Display Flexible Shoulder Stand 2 Pcs, Portable Hanging Clothing Display Rack Garment Coat Holder for Retail Vendor, Metal Clothing Display Rack, Height 17.3-31.3 Inch","Bsenogou","$34.99","50","2","$1,750","09/23/2023","$24.44","","","$10.55","411,895","7","FBA","1","Home & Kitchen","Standard","1 x 1 x 10 in","2.53 lb","https://www.amazon.com/dp/B0CJPX9R4W"
"","","B0CFXQ1BS4","ikloo Clothing Rack with Wheels for Hanging Clothes | Extendable and Adjustable Garment Racks | Freestanding Rolling Closet Laundry Racks for Drying | Portable Clothes Organizer with Shelves | Chrome","ikloo","$29.99","","","$0.00","08/21/2023","","5","10","","1,010,999","7","FBA","1","Home & Kitchen","","","","https://www.amazon.com/dp/B0CFXQ1BS4"
"","","B0B93TC1Z8","Smlttel Gold Clothing Rack With Shelves, Gold Coat Rack Freestanding with Marble Base, Coat Hanger Rack,Hat Tree Coat Rack Standing Clothes Racks for BoutiqueBedroom","Smlttel","$95.99","180","6","$17,278","08/30/2022","","4.5","192","","148,441","7","FBA","2","Home & Kitchen","","","","https://www.amazon.com/dp/B0B93TC1Z8"
"","","B0BYJSJS56","Aolohomy Metal Coat Rack, Modern Clothing Tree with Heavy-weight Slate Base, Small Coat Stand for Entryway/Bedroom/Hallway, Standing Plant Hanger, Matte Black","Aolohomy","$66.99","135","4","$9,044","03/14/2023","","3.8","89","","202,718","7","FBA","2","Home & Kitchen","","","","https://www.amazon.com/dp/B0BYJSJS56"
"","","B0CGX6BBW8","cenryusa Adjustable T-Shirt Display Flexible Shoulder Stand Metal Clothes Hanger, Black, 16-28 Inches","cenryusa","$19.99","88","5","$1,759","08/29/2023","","3.4","3","","158,351","6","FBA","1","Home & Kitchen","","","","https://www.amazon.com/dp/B0CGX6BBW8"
"","","B0BN2YN2JN","Metal Body Shape Clothing Display Hangers with Adjustable Waist and Arms, Female Mannequin Torso for Retail Boutique Photography Show, Fashionable Dress Form to Hang Coat Jackets Sweater Tops","ZOUXIKOU","$79.99","30","1","$2,400","01/08/2023","","4.2","5","","103,564","6","FBA","1","Industrial & Scientific","","","","https://www.amazon.com/dp/B0BN2YN2JN"
"","","B0CJQV59ZP","Hlimior 4 Pack Adjustable T Shirt Display Flexible Shoulder StandPortable T Shirt Display Stand for Clothing Garment Coat Retail VendorShirt RackMetal Clothing Display Rack,17.3 x 31.3 Inch","Hlimior","$49.99","188","12","$9,398","11/04/2023","","3.5","5","","75,525","7","FBA","1","Home & Kitchen","","","","https://www.amazon.com/dp/B0CJQV59ZP"
"","","B0B8ZGRQG1","Sywhitta Clothes Rack on wheels, Clothing Rack with Bottom Mesh Storage Shelf,Sturdy Metal Frame,Rolling Garment Rack for Hanging Clothes,Coats,Skirts,39.76' L x 16' W x 64.56' H,Golden","Sywhitta","$28.99","2,924","89","$84,767","12/21/2022","","4.2","878","","9,138","6","FBA","2","Home & Kitchen","","","","https://www.amazon.com/dp/B0B8ZGRQG1"
"","","B0CH85T94G","purplemaple Adjustable T-Shirt Display Stand - Portable Black Metal Clothes Hanger Rack for Shirts, Coats, and Garments - Ideal for Retail Vendors","purplemaple","$33.99","30","1","$1,020","09/05/2023","$11.21","4.6","6","$22.78","547,531","6","FBA","1","Home & Kitchen","Oversize","16 x 28 x 7.4 in","1.6 lb","https://www.amazon.com/dp/B0CH85T94G"
"","","B00V9FN8LI","STORAGE MANIAC Hanging Closet Rod, Adjustable Width and Height Closet Hanging Organizer, Space-Saving Clothes Hanging Bar, Closet Extender Hanging Rod Double Closet Hanging Rod, 2 Pack Chrome","STORAGE MANIAC","$28.99","1,677","46","$48,616","06/21/2016","$13.42","4.4","4,033","$15.57","19,484","6","FBA","1","Home & Kitchen","Oversize","16.93 x 0.04 x 28.74 in","2.9 lb","https://www.amazon.com/dp/B00V9FN8LI"
"","","B09P7FZ5SD","MDEPYCO Industrial Vintage Pipe Wall Mounted Towel Clothing Hanging Shelves System,Laundry Room Type E Storage Rod,Metal Garment Rack for Clothes Retail Display Stand (47' L x 11.8' D, Gold)","MDEPYCO","$41.00","30","1","$1,230","07/05/2021","$24.01","4.3","9","$16.99","539,207","7","FBA","1","Home & Kitchen","Oversize","5 x 21 x 3 in","5.3 lb","https://www.amazon.com/dp/B09P7FZ5SD"
"","","B07K1KW2F6","SSWBasics Adjustable Black Costumer - Showcase Single Outfits - 48' to 72' Height - 25lb Capacity - Ideal for Thrift Shops and Large Retail Stores","SSWBasics","$55.00","287","9","$15,785","10/29/2018","$39.87","4.7","275","$15.13","15,934","6","FBA","1","Industrial & Scientific","Standard","4 x 4 x 4 in","10.8 lb","https://www.amazon.com/dp/B07K1KW2F6"
"","","B0CM9JDWJK","Menkxi 6 Pcs Wall Mounted Metal Garment Rack Black Clothes Rack with 5 Hanging Rings Clothing Organizer Bedroom Closet Retail Garment Display Hanger for Laundry Bedroom Bathroom Balcony Room","Menkxi","$36.99","30","1","$1,110","12/24/2023","","5","1","","510,093","","FBA","1","Home & Kitchen","","","","https://www.amazon.com/dp/B0CM9JDWJK"
"","","B0BG7LR92V","6 Pcs 12 Inch Industrial Pipe Clothes Bar, Pipe Clothing Rack for Hanging Clothes, Wall Mounted Clothes Rack, Wall Clothes Rods, Face Out Pipe Racks for Retail Boutique Display","Ruizheng Homeasy","$32.99","243","7","$8,017","09/22/2022","$21.01","4.7","60","$11.98","130,785","7","FBA","1","Home & Kitchen","Standard","3.34 x 13.18 x 11.82 in","5.5 lb","https://www.amazon.com/dp/B0BG7LR92V"
"","","B09KV66XD7","WJJAYY Industrial Pipe Clothing Rack Wall Mounted,Vintage Retail Garment Rack Display Rack Cloths Rack,Metal Commercial Clothes Racks for Hanging Clothes,Iron Clothing Rod Laundry Room (31in, Gold)","WJJAYY","$36.99","60","2","$2,219","11/30/2021","$14.14","4.4","26","$22.85","363,889","6","FBA","1","Home & Kitchen","Oversize","10 x 10 x 31 in","3 lb","https://www.amazon.com/dp/B09KV66XD7"
"","","B0B4651WC9","AlvaQ Women Casual Button V Neck Hoodies Oversized Pullover Sweatshirt Hooded Tops with Pockets","AlvaQ","$39.99","6,644","171","$265,694","06/14/2022","$28.79","4.3","3,398","$11.20","3,866","6","FBA","2","Clothing, Shoes & Jewelry","Standard","10.79 x 2.28 x 12.99 in","10.58 oz","https://www.amazon.com/dp/B0B4651WC9"
"","","B075RBJ994","IRIS USA Metal Garment Rack with Wood Shelf, White and Light Brown","IRIS","$33.99","1,429","71","$48,572","09/18/2017","$-61.22","4.6","8,229","$95.21","12,063","6","AMZ","4","Home & Kitchen","Oversize","25.2 x 59 x 15.8 in","12.2 lb","https://www.amazon.com/dp/B075RBJ994"
"","","B08YZ5MCR9","CIVANA Metal Shoe Handbag Display Stand, Nesting Tables 2 Piece Set, Display Riser Shelf for Retail Stores, Iron and Wood, Gold","CIVANA","$178.00","60","2","$10,680","03/14/2021","$126.02","4.2","35","$51.98","351,792","7","FBA","2","Home & Kitchen","Oversize","18.5 x 36.5 x 9 in","15 lb","https://www.amazon.com/dp/B08YZ5MCR9"
"","","B0BH9HL27L","Blasinc Gridwall Panel Display Stand 2' x 5.5' Ft Heavy Movable Floorstanding Detachable Girdwall for Easy Transport, Standing Grid Towe Display Rack for Retail and Craft FairGrid Wall Panels","Blasinc","$52.99","402","9","$21,302","10/03/2022","","4.5","236","","17,085","6","FBA","1","Industrial & Scientific","","","","https://www.amazon.com/dp/B0BH9HL27L"
"","","B0BZ1733HV","Pintuson 6 Pcs Industrial Pipe Clothes Bar 12 Inch - Wall Mount Clothing Rack - Face Out Closet Rods for Hanging Clothes Commercial Retail Boutique Laundry Shirt Display - Golden","Pintuson","$33.99","613","25","$20,836","03/19/2023","","4.6","99","","37,023","7","FBA","3","Home & Kitchen","","","","https://www.amazon.com/dp/B0BZ1733HV"
"","","B0C4TK5XWB","Adjustable Child T Shirt Display Flexible Shoulder Stand Shirt Rack Portable Hanging Black Metal Clothes Hanger Rack for Clothing Garment Coat Retail Vendor, Height 16-27.9 Inch (4 Pcs)","Sintuff","$52.99","60","3","$3,179","05/09/2023","$38.31","3.9","28","$14.68","274,663","6","FBA","2","Home & Kitchen","Standard","12.99 x 1.37 x 16.92 in","4.64 lb","https://www.amazon.com/dp/B0C4TK5XWB"
"","","B0CKNB2R3G","Barydat 6 Pcs Adjustable Adult T Shirt Display Flexible Shoulder Stand Portable T Shirt Display Stand for Vendors Metal Clothing Display Rack Garment Hanger for Steaming Clothes Holder, 16 x 28 Inch","Barydat","$85.99","191","10","$16,424","10/06/2023","$65.46","4.7","8","$20.53","90,190","7","FBA","1","Home & Kitchen","Standard","12.99 x 1.38 x 16.93 in","7.71 lb","https://www.amazon.com/dp/B0CKNB2R3G"
"","","B0BF8SS5DY","Calmootey Double Rod Clothing Garment Rack,Rolling Hanging Clothes Rack,Portable Clothes Organizer for Bedroom,Living Room,Clothing Store,Black","Calmootey","$29.99","5,904","181","$177,061","01/31/2023","","4.2","1,196","","3,543","6","FBA","4","Home & Kitchen","","","","https://www.amazon.com/dp/B0BF8SS5DY"
"","","B08V4X192P","Elitnus Tabletop Chrome Purse Display Stand - 2 Pack Polished Silver Counter Adjustable Height Handbag Display Stand- Single Hanging Hook Bag Display","Elitnus","$32.99","90","3","$2,969","03/17/2021","$21.59","4.3","67","$11.40","273,791","6","FBA","1","Clothing, Shoes & Jewelry","Standard","5.83 x 12.71 x 1.65 in","2.93 lb","https://www.amazon.com/dp/B08V4X192P"
"","","B0CP7VWYDQ","Yaocom 10 Pack 6 Ball Waterfall for Slatwall, 12 Inch Oval Tube Slat Wall Hanging Hooks Slatwall Hooks and Hangers Slat Wall Accessory for Clothing Retail Garage Shop Display (Black)","Yaocom","$37.99","90","3","$3,419","11/29/2023","$26.10","4","2","$11.89","54,049","7","FBA","1","Industrial & Scientific","Standard","7.48 x 3.74 x 13.78 in","6.54 lb","https://www.amazon.com/dp/B0CP7VWYDQ"
"","","B0BW531ZRG","Laiensia Double Rods Clothing Rack with Wheels, Garment Rack for Hanging Clothes, Multi-functional Bedroom Clothes Rack, Black","Laiensia","$29.99","6,122","259","$183,599","02/17/2023","","3.9","933","","2,076","6","FBA","4","Home & Kitchen","","","","https://www.amazon.com/dp/B0BW531ZRG"
"","","B0CJY3RFG5","HISDEAR 3 Pack Wall-Mounted Clothing Store Display Rack, Retail Display Racks, Metal Garment Rack for Bathroom, Laundry Room, Saving Space and Clothing Display","HISDEAR","$20.50","30","1","$615.00","09/29/2023","","5","6","","575,230","6","FBA","1","Home & Kitchen","","","","https://www.amazon.com/dp/B0CJY3RFG5"
"","","B0CBWG3BSX","Adjustable T Shirt Display Adult for Vendors, 18-31.1 Inch Flexible Shirt Rack Shoulder Stand, Portable Hanging Black Metal Clothes Display, Hanger Rack for Clothing Dress Garment Coat Retail","hanvate","$20.99","340","14","$7,137","08/08/2023","$6.62","3.8","27","$14.37","66,481","6","FBA","1","Home & Kitchen","Oversize","6.8 x 18.3 x 6.8 in","1.87 lb","https://www.amazon.com/dp/B0CBWG3BSX"
"","","B0C68Q76Y9","Oudain 5 Pack 17.7 Inches Gridwall Waterfall Hook 7 Balls Grid Display Panel Waterfall Display Gridwall Accessories Square Tubing Gridwall Hangers for Clothing Retail Shop Display Trade Show (Black)","Oudain","$30.99","84","2","$2,603","05/24/2023","$17.57","3.9","5","$13.42","70,346","7","FBA","1","Industrial & Scientific","Oversize","6.65 x 3.07 x 19.92 in","2.49 lb","https://www.amazon.com/dp/B0C68Q76Y9"
"","","B0BBPQWZW3","SunnyPoint Freestanding Clothes Garment and Accessories, Organizer Closet Rack (BLK)","SunnyPoint","$69.99","368","11","$25,756","08/23/2022","","4.2","134","","86,033","6","FBA","4","Home & Kitchen","","","","https://www.amazon.com/dp/B0BBPQWZW3"
"","","B0CBNVTJRV","Soaoo Flexible Shoulder Stand Adjustable T Shirt Display Beige Coat Hanger Stand Portable Hanging Clothing Display Rack Garment Coat Holder for Retail Vendor, Height 16-27.9 Inch(1 Pcs)","Soaoo","$20.99","129","5","$2,708","07/11/2023","$12.70","4","15","$8.29","163,472","7","FBA","1","Home & Kitchen","Standard","9.26 x 1.19 x 16.74 in","1.48 lb","https://www.amazon.com/dp/B0CBNVTJRV"
"","","B0CF58W7VM","Soaoo Adjustable T Shirt Display Flexible Shoulder Stand Portable Shirt Display Hanging Black Metal Clothes Hanger Rack for Clothing Garment Coat Retail Vendor, Height 16-27.9 Inch(1 Pcs)","Soaoo","$22.99","80","3","$1,839","08/08/2023","","","","","271,655","7","FBA","1","Home & Kitchen","","","","https://www.amazon.com/dp/B0CF58W7VM"
"","","B01JBH9GR0","MyGift 3 Pack Wall Mounted Black Metal Garment Rack with 5 Hanging Rings, Wall Hanger for Clothes, Coat Hanger for Entryway, Mudroom, Bedroom, Walk-in Closet and Retail Clothing Organizer","MyGift","$24.99","184","7","$4,598","07/28/2016","$14.81","4.6","776","$10.18","123,333","6","FBA","2","Home & Kitchen","Standard","12.83 x 13.98 x 2.83 in","2.339 lb","https://www.amazon.com/dp/B01JBH9GR0"
"","","B0CH34WPFC","4 Pcs Adjustable T Shirt Display Adult/Child for Vendors 31.5IN Flexible Shoulder Stand Shirt Rack, Portable Hanging Metal Clothing Display, Garment Hanger Rack Coat Holder for Retail","Ketofa","$64.99","137","5","$8,904","08/31/2023","","4.5","2","","172,905","7","FBA","1","Home & Kitchen","","","","https://www.amazon.com/dp/B0CH34WPFC"
"","","B09YY4G5HJ","Royxen 3 Pack Handbag Rack Stainless Steel with Adjustable Height, Purse Display Stand (Gold)","Royxen","$38.99","901","20","$35,130","06/29/2022","$26.71","4.5","139","$12.28","46,090","6","FBA","3","Home & Kitchen","Standard","5.83 x 16.45 x 3.43 in","3.091 lb","https://www.amazon.com/dp/B09YY4G5HJ"
"","","B0CD3MWBLX","Fumingpal Adjustable T Shirt Display Stand - Easy to Assemble | Adjustable Height | Strong & Durable - Shirt Racks for Clothing Dress Garment Coat Retail, Height 16-27.9 Inch (1 Pcs)","Fumingpal","$23.99","128","2","$3,071","11/07/2023","$3.09","4.5","2","$20.90","389,934","7","FBA","1","Home & Kitchen","Oversize","7 x 30 x 15 in","1.76 lb","https://www.amazon.com/dp/B0CD3MWBLX"
"","","B0CFX48L31","Suzile Adjustable Child T Shirt Display Flexible Shoulder Stand Shirt Rack Portable Metal Clothing Hanging Rack for Clothing Garment Coat Retail Vendor Supplies, Height 16 to 27.9 Inches","Suzile","$18.99","","","$569.70","08/16/2023","","3.5","2","","696,827","6","FBA","1","Home & Kitchen","","","","https://www.amazon.com/dp/B0CFX48L31"
"","","B08TLXVCZD","T Shirt Folding Board Shirts Clothes Folder Durable Plastic Laundry Boards,10.23 * 7.88 * 1.18 inches Black","BoxLegend","$12.19","4,073","137","$49,650","01/20/2021","$6.59","4.1","7,027","$5.60","5,226","6","FBA","3","Home & Kitchen","Standard","10.433 x 1.181 x 8.465 in","0.695 lb","https://www.amazon.com/dp/B08TLXVCZD"
"","","B09QGJPJZV","Simple Trending Standard Clothes Garment Rack, Clothing Rolling Rack with Mesh Storage Shelf on Wheels, Golden Yellow","Simple Trending","$30.56","779","27","$23,806","01/13/2022","$18.95","4.5","552","$11.61","34,292","7","FBA","5","Home & Kitchen","Standard","11.575 x 16.142 x 3.465 in","5.93 lb","https://www.amazon.com/dp/B09QGJPJZV"
"","","B01GIL6EU4","Amazon Basics Portable Foldable Photo Studio Box with LED Light, 1 Count (Pack of 1), Black, 25 x 30 x 25 Inches","Amazon Basics","$134.63","","","","10/10/2018","$108.08","4.5","3,991","$26.55","3,954","7","AMZ","8","Our Brands","Oversize","25.6 x 31.2 x 3.3 in","14.95 lb","https://www.amazon.com/dp/B01GIL6EU4"
"","","B0CCQW3MVY","JINGFA Mannequin Head with Shoulders - Realistic Display and Styling for Wigs, Jewelry, and Clothing - Durable Design for Salon, Shop,Home Use","JINGFA","$62.99","70","3","$4,409","09/17/2023","","5","3","","108,155","6","FBA","1","Beauty & Personal Care","","","","https://www.amazon.com/dp/B0CCQW3MVY"
"","","B07DMDW6G7","C&AHOME Wire Cube Storage, 9-Cube Organizer Metal, Wire C Grids Storage, Storage Bins Shelf, Modular Bookshelf, Closet Cabinet Ideal for Home, Living Room, Office 36.6L x 12.4W x 48.4H Black","C&AHOME","$42.99","1,500","50","$64,485","11/16/2018","$27.26","4.6","7,248","$15.73","18,064","7","FBA","6","Home & Kitchen","Standard","12.91 x 15.67 x 6.22 in","14.551 lb","https://www.amazon.com/dp/B07DMDW6G7"
"","","B0CJBHV9PV","Kikosawa Shirt Display Stand Flexible Shoulder Stand Adjustable Clothes Hanger Rack for Clothing Garment Coat Retail Vendor (Black)","Kikosawa","$18.99","","","$263.89","10/31/2023","","4","1","","1,014,931","6","FBA","1","Home & Kitchen","","","","https://www.amazon.com/dp/B0CJBHV9PV"
"","","B0BLW89JF9","Amyhill Flexible Shoulder Stand Adult Adjustable T Shirt Display for Vendors Black Metal Clothes Hanger Rack Portable Hanging Clothing Display for Drying Iron Steaming Garment Coat Holder (1 Piece)","Amyhill","$19.99","","","$599.70","11/08/2022","$11.85","3.1","31","$8.14","826,004","7","FBA","1","Home & Kitchen","Standard","13 x 1.4 x 0.99 in","1.4 lb","https://www.amazon.com/dp/B0BLW89JF9"
"","","B08JCV4S5M","SONGMICS Clothes Drying Rack, 59-Inch Folding Laundry Drying Rack with 3 Rotatable Arms for Hangers, 4 Legs, Stainless Steel, for 27 Pieces of Clothes, White and Silver ULLR510W01","SONGMICS","$33.99","4,732","141","$160,841","12/19/2020","$20.96","4.5","2,418","$13.03","5,056","6","FBA","13","Home & Kitchen","Standard","12.559 x 17.284 x 5.433 in","3.466 lb","https://www.amazon.com/dp/B08JCV4S5M"
"","","B08GFMPLYT","Acrux7 6Pack 10 Inch Wall Mounted Clothing Rack Industrial Pipe Clothes Bar, Heavy Duty Rustic Metal Coat Hanger with Screws, DIY Shelving Brackets Hanging Custom Pipe Brackets for Retail Display","Acrux7","$32.99","210","7","$6,928","08/20/2020","$22.90","4.7","243","$10.09","130,045","6","FBA","1","Home & Kitchen","Standard","5.669 x 11.85 x 3.071 in","1.1 lb","https://www.amazon.com/dp/B08GFMPLYT"
"","","B07QSDRLGG","Simple Trending Standard Rod Clothing Garment Rack, Rolling Clothes Organizer on Wheels for Hanging Clothes, Chrome","Simple Trending","$28.47","2,982","173","$84,898","04/16/2019","$16.57","4.4","9,132","$11.90","3,793","6","FBA","4","Home & Kitchen","Standard","13.2 x 17.5 x 2.7 in","7.37 lb","https://www.amazon.com/dp/B07QSDRLGG"
"","","B09XHG38BS","Fishat Clothing Racks for Hanging Clothes Simple Standard Double Rod Clothing Metal Garment Rack, Rolling Clothes Organizer on Lockable Wheels for Women Girls Kids (Pink)","Fishat","$49.99","355","17","$17,746","04/07/2022","$34.26","4.3","1,272","$15.73","54,513","6","FBA","1","Home & Kitchen","Standard","12.17 x 16.93 x 5.31 in","9.941 lb","https://www.amazon.com/dp/B09XHG38BS"
"","","B0BRY1H6Y9","Freestanding Round Garment Display Retail Rack, Floor-Standing Double Space Multi-Purpose Metal Shelf for Clothes Storage, Commercial Clothing Organizer in Retail Boutiques and Bedroom","ZOUXIKOU","$129.99","60","2","$7,799","01/08/2023","","4.3","11","","403,366","7","FBA","1","Home & Kitchen","","","","https://www.amazon.com/dp/B0BRY1H6Y9"
"","","B0773LP7DY","NAHANCO CWBKIT1 White Round Clothing Size Divider with Black Print for Home or Clothing Store, XS-XL, Kit of 10 (5 Sizes of 2 Each)","NAHANCO","$10.00","120","3","$1,200","10/31/2017","$4.96","4.5","20","$5.04","247,875","6","AMZ","1","Home & Kitchen","Standard","3.94 x 1.18 x 4.84 in","4.02 oz","https://www.amazon.com/dp/B0773LP7DY"
"","","B0BYCMWWQ6","Freestanding Heavy Duty Industrial Pipe Clothing Rack, Portable Commercial Clothes Display Rack, Multi-Purpose Garment Bar for Retail Boutiques Home, Laundry Room,Closet Storage","ZOUXIKOU","$139.99","","","$0.00","03/13/2023","$104.01","5","1","$35.98","1,544,056","7","FBA","1","Home & Kitchen","Oversize","26.5 x 4.25 x 37 in","4,000 g","https://www.amazon.com/dp/B0BYCMWWQ6"
"","","B0CF1RC85N","SONGMICS Clothes Rack, Clothing Rack with Shelfs, Garment Racks Heavy Duty, Double Rod Clothes Rack with 6 Hooks, Clothes Storage and Display, for Living Room, Bedroom, Ink Black UHSR109B01","SONGMICS","$49.99","60","2","$2,999","10/30/2023","$-48.33","5","1","$98.32","400,672","6","FBA","1","Home & Kitchen","Oversize","39.4 x 61 x 18.1 in","11.9 lb","https://www.amazon.com/dp/B0CF1RC85N"
"","","B0C7779VHX","SONGMICS Double-Rod Clothes Rack with Wheels, Metal Clothing Rack for Hanging Clothes, Garment Rack with Mesh Shelf, Each Rod Holds up to 66 lb, for Bags, Shoes, Storage Boxes, Black UHSR26BKV1","SONGMICS","$49.99","3,330","207","$166,467","06/05/2023","$-49.91","4.4","4,479","$99.90","2,907","6","FBA","1","Home & Kitchen","Oversize","36.4 x 62.2 x 23.4 in","13.7 lb","https://www.amazon.com/dp/B0C7779VHX"
"","","B08DXVZ2KM","Industrial Iron Pipe Clothing Garment Rack 24.5 Inches Heavy Duty Multi-Purpose Clothing Hanging Rack Wall Mounted Clothes Rod for Closet, Laundry Room, Balcony, Black","BTY","$20.99","60","2","$1,259","07/29/2020","$7.00","4.5","105","$13.99","356,169","7","FBA","3","Home & Kitchen","Oversize","11 x 2.8 x 24.4 in","2 lb","https://www.amazon.com/dp/B08DXVZ2KM"