"Export time:  2/2/2024, 12:12:53 PM","","ASIN","Product Name","Brand","Price","Monthly Units Sold","Daily Units Sold","Monthly Revenue","Date First Available","Net Revenue","Star Rating","Reviews","Amazon Fees","BSR","LQS","Seller Type","Sellers","Category","Product Tier","Dimensions","Weight","Link"
"","","B014VBI5MS","Amazon Basics 4 Piece Packing Travel Organizer Cubes Set, Medium, Gray","Amazon Basics","$20.95","","","","12/31/2015","$12.02","4.7","36,933","$8.93","355","6","AMZ","9","Our Brands","Standard","8.15 x 12.795 x 2.835 in","1.146 lb","https://www.amazon.com/dp/B014VBI5MS"
"sheet set organizer","","B0C9QBRQB4","SpaceAid 4 Pack Bed Sheet Organizers and Storage, Foldable Sheet Organizer for Linen Closet, Sheets Set Folder Keeper with Window XL (Queen & King Size) Organizing Bedding Container, Gray","SpaceAid","$33.98","6,400","279","$217,472","06/28/2023","","4.6","237","","1,846","6","FBA","1","Home & Kitchen","","","","https://www.amazon.com/dp/B0C9QBRQB4"
"Average Monthly Sales: 959","","B0BT73TJ6K","LINENMATE Twin/Full Size (Ivory 2-Pack) - The Original 2-Pack Linen Storage Container with Sheet-Folding Assisted Panels | Bed Sheets | Duvet Covers | Pillowcases | Towels","LINENMATE","$64.97","943","26","$61,267","01/25/2023","","4.5","174","","35,818","6","FBA","1","Home & Kitchen","","","","https://www.amazon.com/dp/B0BT73TJ6K"
"Average Revenue: $30,821","","B0C4LFRYDR","GZOOGHOME 4 Pack Bed Sheet Organizers and Storage, Sheet Folder Organizer for Linen Closet, Foldable Sheets Set Keeper XL (Queen or King Size) Organizing Bedding Container (Circle Window, Black)","GZOOGHOME","$39.99","819","21","$32,752","05/07/2023","$26.66","4.2","144","$13.33","44,184","7","FBA","2","Home & Kitchen","Standard","4.5 x 12.8 x 15 in","3.1 lb","https://www.amazon.com/dp/B0C4LFRYDR"
"Average Price: $38.32","","B0B8LZZ133","Bed Sheet Organizer and Storage Size Label Bands | Sheets Set Organizers for Linen Closet - Labeled Elastic Bedding Sheet Keepers Straps for Organizing Foldable Bedsheet Sets (Queen 4PCs Pack | Cream)","ECOHomes","$9.99","11,254","976","$112,427","10/28/2022","","4.6","398","","181","7","FBA","1","Home & Kitchen","","","","https://www.amazon.com/dp/B0B8LZZ133"
"Average No. of Ratings: 781","","B0C16JFJJN","SheetCube 4 Pack Bed Sheet Organizers and Storage, Foldable Bedding Storage Box Container with Window and Label, Linen Closet Organizer Folder for Blanket, Duvet Cover Set, Bed Sheet Set - Grey","SUOCO","$25.49","1,384","88","$35,278","06/05/2023","","4.1","553","","9,246","6","FBA","1","Home & Kitchen","","","","https://www.amazon.com/dp/B0C16JFJJN"
"Average Sales Rank: 114,808","","B0CMJBYYYK","MLGOGO Bed Sheet Organizer 8 Pcs. Set (6+2) Foldable Linen Closet Storage Containers for King/Queen Size Sheets & 6 Elastic Bands. Bedding Storage Linen Closet Organizers w/Window & Handle (Black)","MLGOGO","$43.79","300","11","$13,137","11/02/2023","","4.5","13","","81,139","6","FBA","1","Home & Kitchen","","","","https://www.amazon.com/dp/B0CMJBYYYK"
"Average Rating Number: 4.6","","B0CGNPZVG5","SpaceAid 5 Pack Bed Sheet Organizers and Storage, Foldable Sheet Organizer for Linen Closet, Sheets Set Folder Keeper with Window XL (Queen & King Size) Organizing Bedding Container, White","SpaceAid","$46.98","","","","08/25/2023","","4.7","30","","","6","FBA","1","","","","","https://www.amazon.com/dp/B0CGNPZVG5"
"","","B0CHJBZJ4V","AxPower 5 Pack Foldable Bed Sheet Organizers and Storage, Sheet Folder Organizer with Window for Queen or King Sheets, Duvet Covers, and Pillowcases, Linen Closet Organizer for Bedding Clothes Towels","AxPower","$49.99","113","8","$5,649","09/06/2023","","4.3","37","","115,109","6","FBA","1","Home & Kitchen","","","","https://www.amazon.com/dp/B0CHJBZJ4V"
"","","B0C7Z2VPFK","YUOROS Bed Sheet Set Organizer (Queen or King Size), 2 Pack Foldable Linen Closet Organizers and Storage for Bed Sheets, Duvet Covers and Pillowcases (2 Pack, King Size)","YUOROS","$22.99","158","6","$3,632","06/13/2023","","4.6","52","","139,657","6","FBA","3","Home & Kitchen","","","","https://www.amazon.com/dp/B0C7Z2VPFK"
"","","B0C1BK6DCP","SUOCO Modern Fabric Storage Box, Beige, 4-1/2 in W x 15 in D x 12-3/4 in H, Fits 1 Queen/King Sheet Set or Duvet Cover Set","SUOCO","$49.99","2,402","54","$120,076","06/05/2023","$34.56","4.3","152","$15.43","16,620","7","FBA","2","Home & Kitchen","Standard","12.68 x 4.17 x 15.35 in","8.9 lb","https://www.amazon.com/dp/B0C1BK6DCP"
"","","B0CJJHLSXQ","BigPonPon 3-Pack Foldable Bed Sheets Set Organizers and Storage(King & Queen Size),Linen Fabric Closet Organizers with Window,Folding Bedding Storage Box for Bedsheets and Pillow Cube Organizer","BigPonPon","$29.77","1,825","64","$54,330","09/20/2023","$18.78","4.5","61","$10.99","13,517","7","FBA","1","Home & Kitchen","Standard","12.5 x 4.7 x 15 in","5.13 lb","https://www.amazon.com/dp/B0CJJHLSXQ"
"","","B0C5WL6CFL","KIMBORA Foldable Bed Sheet Organizer and Storage, 3 Pack King Size Sheet Set Organizer for Linen Closet With Clear PVC Sheet Storage for Bedding Sheets, Duvet Covers and Pillow cases","KIMBORA","$23.99","887","17","$21,279","05/21/2023","$13.06","4.3","124","$10.93","54,386","7","FBA","2","Home & Kitchen","Standard","4.5 x 13 x 15 in","1 lb","https://www.amazon.com/dp/B0C5WL6CFL"
"","","B0C9PL48DM","BIKTIC SheetCube Bed Sheet Organizers and Storage,4 Pack Sheet Folder Organizer (Queen or King Size), Linen Closet Organizer for Bedding Sheets,Duvet Covers and Pillow cases,Grey","BIKTIC","$49.99","1,602","42","$80,084","07/31/2023","","4.8","371","","21,514","7","FBA","4","Home & Kitchen","","","","https://www.amazon.com/dp/B0C9PL48DM"
"","","B0C9QB47R2","SpaceAid 8 Pack Bed Sheet Organizers and Storage, Foldable Sheet Organizer for Linen Closet, Sheets Set Folder Keeper with Window XL (Queen & King Size) Organizing Bedding Container, Beige","SpaceAid","$62.98","1,274","43","$80,237","06/28/2023","","4.4","127","","21,151","6","FBA","2","Home & Kitchen","","","","https://www.amazon.com/dp/B0C9QB47R2"
"","","B0CM3DVLCY","DIMJ Bed Sheet Organizers and Storage 6 Pack, Foldable Sheet Bedding Storage Organizer for Linen Closet, Sheet Set Organizersr (Queen & King Size) with Window Handle for Bed Sheets Duvet Covers.(Grey)","DIMJ","$55.99","579","13","$32,418","12/27/2023","","5","5","","71,164","7","FBA","1","Home & Kitchen","","","","https://www.amazon.com/dp/B0CM3DVLCY"
"","","B0C9X6NRN2","Chinensis 3 Pack Sheet Organizers and Storage, Grey, Modern Style, Foldable Box, 5'W x 15'D x 13'H, Made from Eco-Friendly Cationic Fabric","chinensis","$35.99","402","8","$14,468","07/02/2023","","4.8","67","","113,550","7","FBA","2","Home & Kitchen","","","","https://www.amazon.com/dp/B0C9X6NRN2"
"","","B0BQBHT8GX","Fixwal 4pcs Clear Storage Bags, Clothes Organizer Blankets Storage Bags Bed Sheet Storage with Zipper for Sweaters, Comforters, Bedding Sets, Closet(35l, 9.5 Gallons)","Fixwal","$19.99","990","32","$19,790","12/15/2022","","4.5","251","","28,969","6","FBA","1","Home & Kitchen","","","","https://www.amazon.com/dp/B0BQBHT8GX"
"","","B0CBLYJFM2","MuiiuM Bed Sheet Organizer and Storage 4 Pack (Queen or King Size), Linen Closet Organizer, Foldable Bedding Container for Duvet Cover Set, Clothes, Blankets and Pillow cases","MuiiuM","$37.99","134","5","$5,091","07/10/2023","","4.7","30","","166,072","6","FBA","1","Home & Kitchen","","","","https://www.amazon.com/dp/B0CBLYJFM2"
"","","B0CN694NP5","Furnhome 4 Pack Bed Sheet Organizers and Storage, Sheet Organizer for Linen Closet, Foldable Sheet Set Organizer, Sheet Storage for Beding Sheets, Duvet Covers and Pillowcases","Furnhome","$29.99","30","1","$899.70","01/14/2024","","","","","647,683","7","FBA","1","Home & Kitchen","","","","https://www.amazon.com/dp/B0CN694NP5"
"","","B0CM4RD9BQ","VioShop Bed Sheet Organizers and Storage - 4 Pack Queen or King Size Foldable Bed Sheet Organizer, Linen Closet Organizers and Storage for Bedding Sheets, Duvet Covers, Pillow Cases and Blanket (Grey)","VIOSHOP","$39.98","60","2","$2,399","12/28/2023","","4.5","2","","376,296","","FBA","1","Home & Kitchen","","","","https://www.amazon.com/dp/B0CM4RD9BQ"
"","","B0CB3S75HL","Furnhome 6 Pack Bed Sheet Organizers and Storage, Sheet Organizer for Linen Closet, Foldable Sheet Set Organizer, Sheet Storage Cube for Beding Sheets, Duvet Covers and Pillowcases","Furnhome","$69.99","220","4","$15,398","07/03/2023","","4.5","69","","217,116","7","FBA","3","Home & Kitchen","","","","https://www.amazon.com/dp/B0CB3S75HL"
"","","B0CDLDW71R","Feverdes SheetCube Bed Sheet Set Organizer 4-Pack (Queen or King Size),Foldable Storage Box,Linen Closet Organizer for Bedding Sheets, Duvet Covers,Blankets and Pillow Cases (Grey)","Feverdes","$59.99","537","16","$32,215","08/02/2023","","4.3","58","","59,011","6","FBA","1","Home & Kitchen","","","","https://www.amazon.com/dp/B0CDLDW71R"
"","","B0CJJHZS33","Bed Sheet Organizers and Storage - 4 Pack (Queen or King Size),Foldable Storage Box for Duvet Cover Set, Linen Closet Organizer for Bedding Clothes Blankets, Grey","Aokeyee","$39.59","637","24","$25,219","09/20/2023","$26.32","4.7","90","$13.27","38,653","6","FBA","1","Home & Kitchen","Standard","12.9 x 5 x 15 in","4.85 lb","https://www.amazon.com/dp/B0CJJHZS33"
"","","B0C9Q61MDQ","SpaceAid 6 Pack Bed Sheet Organizers and Storage, Foldable Sheet Organizer for Linen Closet, Sheets Set Folder Keeper with Window XL (Queen & King Size) Organizing Bedding Container, Black","SpaceAid","$49.98","1,057","27","$52,829","06/28/2023","","4.6","131","","34,911","6","FBA","2","Home & Kitchen","","","","https://www.amazon.com/dp/B0C9Q61MDQ"
"","","B0BZYX9GTS","zjdbset 20 PiecesBed Sheet Organizer Bands Bed Sheet Keepers Closet Organization ElasticLinen Labels for Bed Sheet Sets(Queen,King,Full,Twin)","zjdbset","$15.49","2,954","105","$45,757","04/30/2023","","4.5","74","","7,418","6","FBA","3","Home & Kitchen","","","","https://www.amazon.com/dp/B0BZYX9GTS"
"","","B0CG1BKS67","MSERCUOR Bed Sheet Organizers and Storage Morocco Style [4 Pack/20L] Larger Sheet Folder Organizer for Duvet Cover Set(Queen or King Size), Bedsheet Organizers for Bedding Clothes Blankets, Grey","MSERCUOR","$38.89","530","10","$20,612","08/18/2023","","4.8","69","","94,370","7","FBA","1","Home & Kitchen","","","","https://www.amazon.com/dp/B0CG1BKS67"
"","","B0CFGRWBG9","New England Stories 4 Pack Modern White Fabric Storage Box, Circle Window Design, 4.5 in W x 15 in D x 12.8 in H, Ideal for Linen Closet Organization","New England Stories","$34.99","185","4","$6,473","10/04/2023","","4.5","29","","226,184","7","FBA","2","Home & Kitchen","","","","https://www.amazon.com/dp/B0CFGRWBG9"
"","","B0CLSG7J54","Welyspix 4 Pack Bed Sheet Set OrganizerFoldable Closet Organizers and Storage for Bed Sheets, Bed Sheet Storage Organizer for Duvet Cover Bedding Clothes Pillowcases","Welyspix","$32.99","128","4","$4,223","12/15/2023","","4.4","23","","211,708","7","FBA","1","Home & Kitchen","","","","https://www.amazon.com/dp/B0CLSG7J54"
"","","B0CFLRHS3Z","Doosela Bed Sheet Organizers and Storage, 4 Packs Foldable Storage Box with Zipper for Queen or King Sheets, Sheet Storage Cube for Duvet Cover Set, Bedding, Blanket Storage","Doosela","$89.99","846","39","$76,132","08/13/2023","","4.7","19","","23,295","6","FBA","1","Home & Kitchen","","","","https://www.amazon.com/dp/B0CFLRHS3Z"
"","","B0CG3GQDMF","KDSZJDV 6 Pack Grey Linen Foldable Sheet Set Organizer, Storage Box, 4-2/3 in W x 15 in L x 12-4/5 in H","KDSZJDV","$46.98","1,145","3","$53,792","08/18/2023","","4.9","171","","278,196","7","FBA","1","Home & Kitchen","","","","https://www.amazon.com/dp/B0CG3GQDMF"
"","","B0CFQ7RHWF","NEW NOAM 6Pcs Bed Sheet Organizers and Storage Set, 4-pack Cube Storage, Foldable Sheet Set Organizer with 2-pack Clothes Storage, Linen Closet Organizer for Bed Sheets Set or Duvet Covers, Grey","NEW NOAM","$25.99","217","7","$5,640","08/14/2023","","3.8","30","","125,866","7","FBA","1","Home & Kitchen","","","","https://www.amazon.com/dp/B0CFQ7RHWF"
"","","B0CFXX2BSH","Wesapor Foldable Bed Sheet Set Organizer, 2-Pack Sheet Set Organizer for Linen Closet,Sheet Organizer and Storage for Bedding Clothes Blankets, Bed Sheet Storage Box for Duvet Cover Set","Wesapor","$49.99","476","39","$23,795","08/16/2023","$37.35","5","4","$12.64","23,327","7","FBA","1","Home & Kitchen","Standard","1 x 1 x 1 in","1.83 lb","https://www.amazon.com/dp/B0CFXX2BSH"
"","","B0CF5DJ67N","DELLAN Bed Sheet Organizer, Linen Closet Organizers and Storage, Foldable Cube Sheet Set Organizer (4 Pack)","DELLAN","$39.99","533","14","$21,315","08/08/2023","","4.6","41","","64,607","6","FBA","1","Home & Kitchen","","","","https://www.amazon.com/dp/B0CF5DJ67N"
"","","B0CN14LHFP","BigPonPon 6 Pack Bed Sheets Organizers And Storage (King Size),Foldable Sheet Organizer With Handle For Linen Closet,Bedding Organizer Storage For Sheets, Duvet Cover (Beige","BigPonPon","$64.99","480","13","$31,195","09/20/2023","","4.5","40","","72,135","7","FBA","1","Home & Kitchen","","","","https://www.amazon.com/dp/B0CN14LHFP"
"","","B0CKZ4J9S8","MISSLO Bed Sheet Organizers and Storage Queen/King Size Sheet Folder 4 Pack Linen Closet Organizer with Clear Window Blanket Storage Bags for Bedsheets, Pillow Cases, Towels, Clothes","MISSLO","$16.99","323","7","$5,488","11/23/2023","$9.92","4.6","162","$7.07","125,894","6","FBA","3","Home & Kitchen","Standard","14 x 6.5 x 16 in","15.2 oz","https://www.amazon.com/dp/B0CKZ4J9S8"
"","","B0C758Q8MY","BIKTIC Foldable Bed Sheet Set Organizer,2-Pack with Zipper for Queen or King Sheets, Duvet Covers, and Pillowcases, Linen Closet Organizer for Bedding Clothes Towels","BIKTIC","$29.99","1,440","42","$43,186","06/04/2023","","4.8","371","","21,514","7","FBA","2","Home & Kitchen","","","","https://www.amazon.com/dp/B0C758Q8MY"
"","","B0CLCZNX9Y","TRZZ Sheet Organizers and Storage, 6-Pack, Queen/King Size (Grey), Foldable Fheet Set Organizer, Fabric Storage Bins for Bed Sheets, Duvet Covers and Pillowcases, 15' L13' W5' H.","TRZZ","$69.99","527","17","$36,885","10/18/2023","","4.8","95","","55,087","6","FBA","1","Home & Kitchen","","","","https://www.amazon.com/dp/B0CLCZNX9Y"
"","","B0BR3H3Q44","Fixwal 3 Pack Bed Sheet Organizer, Foldable King or Queen Size Sheet Set Organizer Storage Box Containers, Linen Closet Organizer with Zipper for Bedding Sheet, Duvet Covers and Pillowcases(Grey)","Fixwal","$30.99","157","4","$4,865","12/25/2022","","4.5","136","","194,090","6","FBA","4","Home & Kitchen","","","","https://www.amazon.com/dp/B0BR3H3Q44"
"","","B0CM96STK3","Cosyzone Large Bed Sheet Organizers and Storage 4 Pack (Queen or King Size), Foldable Organizer for Linen Closet, Fabric Container Boxes for Bed Sheets, Duvet Covers, Pillowcases, Beige","Cosyzone","$28.99","480","16","$13,915","12/21/2023","","5","9","","59,247","","FBA","1","Home & Kitchen","","","","https://www.amazon.com/dp/B0CM96STK3"
"","","B0BMDRTR54","20Pcs Clear Vinyl Zippered Storage BagsBlankets Storage Bags Plastic Storage Bags for Sweater Clothes Bed Sheet Organizer with Zipper for Closet Linen Sweater Bed Sheet Pillow10.5 x 10.5 x 2.4 Inch","Hlimior","$23.99","476","14","$11,419","11/14/2022","$15.25","4.4","112","$8.74","68,063","7","FBA","1","Home & Kitchen","Standard","1 x 1 x 1 in","1.7 lb","https://www.amazon.com/dp/B0BMDRTR54"
"","","B0BT74ZHXK","LINENMATE Queen/King Size (Ivory 2-Pack) - The Original 2-Pack Linen Storage Container with Sheet-Folding Assisted Panels | Bed Sheets | Duvet Covers | Pillowcases | Towels","LINENMATE","$74.97","966","26","$72,421","01/25/2023","$54.89","4.5","174","$20.08","35,818","6","FBA","5","Home & Kitchen","Standard","12 x 4 x 15 in","2.74 kg","https://www.amazon.com/dp/B0BT74ZHXK"
"","","B0CM397MB2","GODELAIF Bed Sheet Organizer and Storage, Foldable Sheet Set Organizer for Twin/Full/Queen/King Size, Linen Closet Organizers and Storage with Handle for Sheet Set Bedding Clothes Blanket","GODELAIF","$19.99","307","15","$6,137","10/29/2023","","4.8","86","","61,669","7","FBA","1","Home & Kitchen","","","","https://www.amazon.com/dp/B0CM397MB2"
"","","B0CJRLXS9H","Dobyusf Bed Sheet Organizer,Foldable Sheet Organizer and Storage for Linen Closet,Organizing Bedding Container(Queen & King Size) (4 Pack, Grey)","Dobyusf","$56.99","371","7","$21,143","09/24/2023","","4.3","18","","118,970","6","FBA","1","Home & Kitchen","","","","https://www.amazon.com/dp/B0CJRLXS9H"
"","","B0CL6BMGSD","Tearstone 4 Pack Foldable Nylon Storage Boxes in Grey for Linen Closet, Bedding, Clothes and Blankets","Tearstone","$28.99","76","2","$2,203","08/12/2023","","4.2","26","","369,711","7","FBA","1","Home & Kitchen","","","","https://www.amazon.com/dp/B0CL6BMGSD"
"","","B0CD34HX6G","Yermivie 4 Pieces Bed Sheet Organizer Bands, Sheet Organizers and Storage Label Bands, Sheet Label for Bedding, Sheets Organizer for Closet,Sheet Keepers Linen Labels Bedding Bands (4Pcs King)","Yermivie","$12.99","2,159","103","$28,045","08/09/2023","","4.5","42","","7,618","7","FBA","1","Home & Kitchen","","","","https://www.amazon.com/dp/B0CD34HX6G"
"","","B0CBJLCG78","GoMaihe Bed Sheet Organizers and Storage: 4-Pack XXL Foldable Bedsheet Set Organizer for Linen Closet Bedding Blankets Organizing - Easy Pull-out & Identification with Clear Window and Handle","GoMaihe","$35.99","233","5","$8,386","09/18/2023","$23.26","4.7","25","$12.73","170,605","7","FBA","1","Home & Kitchen","Standard","13.2 x 3.94 x 17.34 in","6.53 lb","https://www.amazon.com/dp/B0CBJLCG78"
"","","B0C9D8CQ38","Furnhome 3 Pack Bed Sheet Organizers and Storage, Sheet Organizer for Linen Closet, Foldable Sheet Set Organizer, Sheet Storage Cube for Beding Sheets, Duvet Covers and Pillowcases","Furnhome","$32.99","219","4","$7,225","06/25/2023","","4.5","69","","214,284","7","FBA","1","Home & Kitchen","","","","https://www.amazon.com/dp/B0C9D8CQ38"
"","","B0CC2KMCHZ","Cosybreeze Grey Folding Storage Boxes for Sheets and Bedding, 2 Pack","Cosybreeze","$18.99","202","4","$3,836","07/16/2023","","4.8","16","","188,188","7","FBA","1","Home & Kitchen","","","","https://www.amazon.com/dp/B0CC2KMCHZ"
"","","B0CKTWB8FN","kgalvgcy Upgraded Bed Sheet Organizer Bands 4pcs, Adjustable Bed Sheet Organizers and Storage Label Bands, Elastic Linen Labels for Bed Sheet Sets (King, Queen, Twin, Full)","kgalvgcy","$7.99","60","2","$479.40","11/17/2023","","4.7","27","","353,736","6","FBA","1","Home & Kitchen","","","","https://www.amazon.com/dp/B0CKTWB8FN"
"","","B0CD1BR6F8","SLEEPING LAMB Sheet Organizers and Storage, 4 Pack Foldable Bed Sheet Organizers for Linen Closet With Sturdy Zippers Storage Queen or King Size Duvet Cover Set, Pillowcases and Quilt, Black","SLEEPING LAMB","$25.99","44","3","$1,144","09/12/2023","$14.46","4.5","42","$11.53","239,251","6","FBA","1","Home & Kitchen","Standard","5 x 15.5 x 13 in","5.06 lb","https://www.amazon.com/dp/B0CD1BR6F8"
"","","B0C2HCW8V7","【Upgraded】Bed Sheet Organizer Bands 8 Pieces,Sheet Organizer for Linen Closet, Sheet Set Organizer, Sheet Keepers Closet Organization, King Twin Full Queen Sheet Straps, Elastic Bed Sheet Storage","ZUMRUKES","$11.99","426","21","$5,108","05/15/2023","","4.7","76","","44,427","6","FBA","3","Home & Kitchen","","","","https://www.amazon.com/dp/B0C2HCW8V7"
"","","B0CJHT4FPJ","BUFOR Sheet Organizer for Linen Closet, Foldable Bed Sheet Organizer, King Size Sheet Storage 4 Pack, Grey","BUFOR","$39.99","163","5","$6,518","09/20/2023","$26.66","4.7","4","$13.33","166,523","6","FBA","1","Home & Kitchen","Standard","13 x 4.3 x 15 in","2 lb","https://www.amazon.com/dp/B0CJHT4FPJ"
"","","B0CCS4GS2X","Zrfmib Bed Sheet Organizer, 4 Pcak Linen Closet Organizers and Storage for Flat Sheets (Queen or King), Foldable Storage Box for Bedding such as Duvet Covers and Pillowcases, Gray-Striped","Zrfmib","$49.99","257","5","$12,847","07/24/2023","","4.4","23","","172,974","6","FBA","1","Home & Kitchen","","","","https://www.amazon.com/dp/B0CCS4GS2X"
"","","B0CH2V38VN","PHINOX Bed Sheet Organizers and Storage, 4-Pack Sheet Storage Organizer for Linen Closet, Foldable Sheet Set Organizer with Zippers for Queen or King Sheets, Bedding Organizer Box for Duvet Cover Set","PHINOX","$32.99","454","9","$14,977","08/31/2023","","4.6","60","","96,700","7","FBA","1","Home & Kitchen","","","","https://www.amazon.com/dp/B0CH2V38VN"