"Export time:  2/2/2024, 12:11:25 PM","","ASIN","Product Name","Brand","Price","Monthly Units Sold","Daily Units Sold","Monthly Revenue","Date First Available","Net Revenue","Star Rating","Reviews","Amazon Fees","BSR","LQS","Seller Type","Sellers","Category","Product Tier","Dimensions","Weight","Link"
"","","B0BT73TJ6K","LINENMATE Twin/Full Size (Ivory 2-Pack) - The Original 2-Pack Linen Storage Container with Sheet-Folding Assisted Panels | Bed Sheets | Duvet Covers | Pillowcases | Towels","LINENMATE","$64.97","943","26","$61,267","01/25/2023","","4.5","174","","35,818","6","FBA","1","Home & Kitchen","","","","https://www.amazon.com/dp/B0BT73TJ6K"
"bedding storage","","B085ZV98JM","90L Large Storage Bags, 6 Pack Clothes Storage Bins Foldable Closet Organizers Storage Containers with Durable Handle for Clothing, Blanket, Comforters, Bed Sheets, Pillows and Toys (Gray)","Budding Joy","$24.99","51,020","1,239","$1.27M","03/16/2020","$13.31","4.3","44,789","$11.68","108","6","FBA","4","Home & Kitchen","Standard","11.54 x 14.45 x 6.77 in","2.69 lb","https://www.amazon.com/dp/B085ZV98JM"
"Average Monthly Sales: 5,332","","B0CFQ7RHWF","NEW NOAM 6Pcs Bed Sheet Organizers and Storage Set, 4-pack Cube Storage, Foldable Sheet Set Organizer with 2-pack Clothes Storage, Linen Closet Organizer for Bed Sheets Set or Duvet Covers, Grey","NEW NOAM","$25.99","217","7","$5,640","08/14/2023","","3.8","30","","125,866","7","FBA","1","Home & Kitchen","","","","https://www.amazon.com/dp/B0CFQ7RHWF"
"Average Revenue: $142,812","","B0C9QBRQB4","SpaceAid 4 Pack Bed Sheet Organizers and Storage, Foldable Sheet Organizer for Linen Closet, Sheets Set Folder Keeper with Window XL (Queen & King Size) Organizing Bedding Container, Gray","SpaceAid","$33.98","6,400","279","$217,472","06/28/2023","","4.6","237","","1,846","6","FBA","1","Home & Kitchen","","","","https://www.amazon.com/dp/B0C9QBRQB4"
"Average Price: $31.29","","B07PCNGJP8","Lifewit Large Capacity Clothes Storage Bag Organizer with Reinforced Handle Thick Fabric for Comforters, Blankets, Bedding, Foldable with Sturdy Zipper, Clear Window, 3 Pack, 90L, Grey","Lifewit","$19.99","8,586","194","$171,634","03/02/2019","$10.56","4.5","75,150","$9.43","3,206","6","FBA","3","Home & Kitchen","Standard","10.63 x 13.27 x 3.94 in","1.57 lb","https://www.amazon.com/dp/B07PCNGJP8"
"Average No. of Ratings: 5,408","","B09TB8WFXC","HomeHacks Storage 3-Pack Clothes Organizer Storage Bags Foldable Storage Box with Large Clear Window Sturdy Handles for Closet, Dorm, Pillows, Bedding, Clothes, Stuffed Toys, Blankets, 35L, Grey","HomeHacks","$11.99","4,762","134","$57,096","04/09/2022","$4.40","4.4","1,169","$7.59","5,398","6","FBA","5","Home & Kitchen","Standard","9.84 x 9.92 x 3.82 in","0.86 lb","https://www.amazon.com/dp/B09TB8WFXC"
"Average Sales Rank: 73,828","","B07CG9GBS4","SUOCO 8 Jumbo Vacuum Storage Bags, Space Saver Bags with Travel Hand Pump, Compression Airtight Sealer Bags for Clothes, Bedding, Pillows, Comforters, Blankets","SUOCO","$25.99","12,401","321","$322,302","05/19/2018","$15.36","4.3","35,399","$10.63","1,468","6","FBA","7","Home & Kitchen","Standard","10.16 x 4.8 x 13.5 in","2.7 lb","https://www.amazon.com/dp/B07CG9GBS4"
"Average Rating Number: 4.5","","B0C3P6R8W1","Vacuum Storage Bags with Electric Pump, 10 Jumbo Space Saver Bags Vacuum Seal Bags with Pump, Space Bags, Vacuum Sealer Bags for Clothes, Comforters, Blankets, Bedding","Roomimaster","$28.99","1,525","47","$44,210","04/25/2023","","4.5","132","","19,173","7","FBA","1","Home & Kitchen","","","","https://www.amazon.com/dp/B0C3P6R8W1"
"","","B08VRGKQC4","combocube 3Pcs Jumbo Zippered Storage Bag for Closet King Comforter, pillow, quilt, bedding, Clothes, Blanket Organizers with Large Clear Window & Carry Handles Space Saver","combocube","$19.99","1,178","32","$23,548","02/01/2021","$10.56","4.5","1,369","$9.43","28,750","6","FBA","1","Home & Kitchen","Standard","7 x 5 x 15 in","1.41 lb","https://www.amazon.com/dp/B08VRGKQC4"
"","","B07BB316N7","Sorbus Storage Bins - Foldable Stackable Container Organizer Set with Large Window & Carry Handles, Bedroom Closet Organization for Bedding, Linen, Clothes","Sorbus","$31.99","737","22","$23,577","03/07/2018","$6.47","4.8","4,672","$25.52","42,510","7","FBA","2","Home & Kitchen","Oversize","16 x 13.75 x 19.75 in","4 lb","https://www.amazon.com/dp/B07BB316N7"
"","","B0C1BK6DCP","SUOCO Modern Fabric Storage Box, Beige, 4-1/2 in W x 15 in D x 12-3/4 in H, Fits 1 Queen/King Sheet Set or Duvet Cover Set","SUOCO","$49.99","2,402","54","$120,076","06/05/2023","$34.56","4.3","152","$15.43","16,620","7","FBA","2","Home & Kitchen","Standard","12.68 x 4.17 x 15.35 in","8.9 lb","https://www.amazon.com/dp/B0C1BK6DCP"
"","","B07FZTBHR3","SLEEPING LAMB 120L Extra Large Blanket Storage Bags Breathable Clothes Storage Containers for King Comforter Bedding Pillow Sheet, Reinforced Handles, Grey","SLEEPING LAMB","$11.99","1,545","51","$18,525","08/06/2018","$0.11","4.6","5,192","$11.88","17,403","6","FBA","1","Home & Kitchen","Oversize","16.1 x 22.3 x 20 in","3.53 oz","https://www.amazon.com/dp/B07FZTBHR3"
"","","B09KHBH229","Amazon Basics Fabric Underbed Storage Bag Organizer with Handles - Black, 30.2'L x 20.1'W x 5.7'H, Pack of 2","Amazon Basics","$28.49","","","","06/21/2022","$17.49","4.4","637","$11.00","3,177","6","AMZ","5","Our Brands","Standard","6.969 x 15.63 x 4.567 in","4.453 lb","https://www.amazon.com/dp/B09KHBH229"
"","","B0CN14LHFP","BigPonPon 6 Pack Bed Sheets Organizers And Storage (King Size),Foldable Sheet Organizer With Handle For Linen Closet,Bedding Organizer Storage For Sheets, Duvet Cover (Beige","BigPonPon","$64.99","480","13","$31,195","09/20/2023","","4.5","40","","72,135","7","FBA","1","Home & Kitchen","","","","https://www.amazon.com/dp/B0CN14LHFP"
"","","B0CM4RD9BQ","VioShop Bed Sheet Organizers and Storage - 4 Pack Queen or King Size Foldable Bed Sheet Organizer, Linen Closet Organizers and Storage for Bedding Sheets, Duvet Covers, Pillow Cases and Blanket (Grey)","VIOSHOP","$39.98","60","2","$2,399","12/28/2023","","4.5","2","","376,296","","FBA","1","Home & Kitchen","","","","https://www.amazon.com/dp/B0CM4RD9BQ"
"","","B07KQRYVFJ","Clear Zippered Storage Bags (3-Pack) Closet Organizer Vinyl Bag for Bedding, Linen, Blankets, Duvet Covers, Comforters, Clothes & Toys | Multi Purpose & Space Saver PVC Organizers","Wappa Home","$24.99","3,606","79","$90,114","12/30/2018","$15.45","4.5","3,489","$9.54","10,622","6","FBA","1","Home & Kitchen","Standard","6.85 x 9.37 x 5.67 in","2.101 lb","https://www.amazon.com/dp/B07KQRYVFJ"
"","","B0CJJHLSXQ","BigPonPon 3-Pack Foldable Bed Sheets Set Organizers and Storage(King & Queen Size),Linen Fabric Closet Organizers with Window,Folding Bedding Storage Box for Bedsheets and Pillow Cube Organizer","BigPonPon","$29.77","1,825","64","$54,330","09/20/2023","$18.78","4.5","61","$10.99","13,517","7","FBA","1","Home & Kitchen","Standard","12.5 x 4.7 x 15 in","5.13 lb","https://www.amazon.com/dp/B0CJJHLSXQ"
"","","B08JPVWLB8","WISELIFE Storage Bags [3 Pack/100L] Large Blanket Clothes Organization and Storage Containers for Comforters,Bedding, Foldable Organizer with Reinforced Handle, Clear Window, Sturdy Zippers,Gray","WISELIFE","$19.99","5,390","181","$107,746","11/25/2020","$10.56","4.6","10,679","$9.43","3,553","7","FBA","2","Home & Kitchen","Standard","11.614 x 11.89 x 3.976 in","1.636 lb","https://www.amazon.com/dp/B08JPVWLB8"
"","","B084RMZX96","Comforter Storage Bag - Folding Organizer bag for King/Queen Comforters, Pillows, Blankets, Bedding/Quilt, Blanket, Duvet, Mothproof Space Saver; Large Collapsible Organizers, 24'x14'x11'","Chaos Cleared","$14.99","2,700","80","$40,473","02/11/2020","$8.97","4.6","1,733","$6.02","10,439","7","FBA","2","Home & Kitchen","Standard","8 x 1 x 10 in","0.5 lb","https://www.amazon.com/dp/B084RMZX96"
"","","B092ZDHJMN","Fab totes 6 Pack Clothes Storage, Foldable Blanket Storage Bags, Storage Containers for Organizing Bedroom, Closet, Clothing, Comforter, Organization and Storage with Lids and Handle, Grey","Fab totes","$29.99","51,586","1,234","$1.55M","08/20/2021","","4.3","22,012","","109","6","FBA","8","Home & Kitchen","","","","https://www.amazon.com/dp/B092ZDHJMN"
"","","B0CH8HGGZJ","StorageWorks 90L Large Closet Organizers, Storage Bins for Comforters, Bedding, Clothes Storage Bags with Dual Zipper, Clear Window Storage Containers, Beige, 1-Pack","StorageWorks","$17.99","413","12","$7,430","12/04/2023","","4.3","103","","76,987","6","FBA","1","Home & Kitchen","","","","https://www.amazon.com/dp/B0CH8HGGZJ"
"","","B0CM397MB2","GODELAIF Bed Sheet Organizer and Storage, Foldable Sheet Set Organizer for Twin/Full/Queen/King Size, Linen Closet Organizers and Storage with Handle for Sheet Set Bedding Clothes Blanket","GODELAIF","$19.99","307","15","$6,137","10/29/2023","","4.8","86","","61,669","7","FBA","1","Home & Kitchen","","","","https://www.amazon.com/dp/B0CM397MB2"
"","","B0CJHT4FPJ","BUFOR Sheet Organizer for Linen Closet, Foldable Bed Sheet Organizer, King Size Sheet Storage 4 Pack, Grey","BUFOR","$39.99","163","5","$6,518","09/20/2023","$26.66","4.7","4","$13.33","166,523","6","FBA","1","Home & Kitchen","Standard","13 x 4.3 x 15 in","2 lb","https://www.amazon.com/dp/B0CJHT4FPJ"
"","","B0CF1Y1NRR","Homaisson 3 Pack Bed sheet organizers and storage, Foldable Sheet Set Organizers for Linen Closet, Fabric Storage Bins for Bed Sheets, Duvet Covers, Pillowcases, Clothes (Queen or King, Black)","Homaisson","$32.99","","","$0.00","09/24/2023","","3.6","8","","1,552,438","7","FBA","1","Home & Kitchen","","","","https://www.amazon.com/dp/B0CF1Y1NRR"
"","","B0C23KFBDN","Fixwal Extra Large Blanket Storage Bags 120L 2 Pack Comforter Storage Bags with Reinforced Handles Breathable Clothes Storage Containers for King Comforter Bedding Pillow Sheet Grey","Fixwal","$19.99","1,748","49","$34,943","04/10/2023","","4.4","419","","18,474","6","FBA","1","Home & Kitchen","","","","https://www.amazon.com/dp/B0C23KFBDN"
"","","B08JP5Z88N","WISELIFE Storage Bags, Large Blanket Clothes Organization and Storage Containers for Bedding, Comforters, Foldable Organizer with Reinforced Handle, Clear Window,Sturdy Zippers,(Grey, 3 x 100L)","WISELIFE","$15.99","3,450","116","$55,166","11/22/2020","$6.56","4.5","15,059","$9.43","6,549","7","FBA","3","Home & Kitchen","Standard","12.126 x 15.787 x 4.095 in","1.676 lb","https://www.amazon.com/dp/B08JP5Z88N"
"","","B09W23J1PN","Vacuum Storage Bags with Electric Air Pump, 15 Pack (3 Jumbo, 3 Large, 3 Medium, 3 Small, 3 Roll Up Vacuum Sealer Bags) Space Saver Bag for Clothes, Blanket, Duvets, Pillows, Comforters, Travel","WANALIT","$39.99","13,426","473","$536,906","05/09/2022","$29.06","4.4","4,203","$10.93","750","7","FBA","3","Home & Kitchen","Standard","9.291 x 12.402 x 3.819 in","2.82 lb","https://www.amazon.com/dp/B09W23J1PN"
"","","B0CDLDW71R","Feverdes SheetCube Bed Sheet Set Organizer 4-Pack (Queen or King Size),Foldable Storage Box,Linen Closet Organizer for Bedding Sheets, Duvet Covers,Blankets and Pillow Cases (Grey)","Feverdes","$59.99","537","16","$32,215","08/02/2023","","4.3","58","","59,011","6","FBA","1","Home & Kitchen","","","","https://www.amazon.com/dp/B0CDLDW71R"
"","","B0CGTG9S1F","Lifewit 4 Pack Clear Clothes Storage Bags, 40L Plastic Blanket Storage Bags, Vinyl Foldable Moving Bags with Zipper, Closet Organizers and Storage Containers for Bedding, Duvet, Comforter, Toys","Lifewit","$21.99","1,500","50","$32,985","12/20/2023","","4.7","88","","17,981","","FBA","1","Home & Kitchen","","","","https://www.amazon.com/dp/B0CGTG9S1F"
"","","B0C16JFJJN","SheetCube 4 Pack Bed Sheet Organizers and Storage, Foldable Bedding Storage Box Container with Window and Label, Linen Closet Organizer Folder for Blanket, Duvet Cover Set, Bed Sheet Set - Grey","SUOCO","$25.49","1,384","88","$35,278","06/05/2023","","4.1","553","","9,246","6","FBA","1","Home & Kitchen","","","","https://www.amazon.com/dp/B0C16JFJJN"
"","","B07KMD53WP","combocube Jumbo Zippered Storage Bag for Closet King Comforter, pillow, quilt, bedding, Clothes, Blanket Organizers with Large Clear Window & Carry Handles Space Saver","combocube","$16.99","2,664","68","$45,261","07/15/2018","$9.92","4.5","4,735","$7.07","12,711","6","FBA","1","Home & Kitchen","Standard","5 x 8 x 2 in","14.9 oz","https://www.amazon.com/dp/B07KMD53WP"
"","","B09Q38H2J4","Budding Joy 90L Under Bed Storage Containers, Closet Organizers and Storage Bins, Collapsible Underbed Storage Bags for Blankets, Towels, Comforter, Sweaters, Linen Sheets, Wrapping Paper","Budding Joy","$25.99","15,883","388","$412,799","01/09/2022","$15.06","4.2","6,063","$10.93","1,065","7","FBA","1","Home & Kitchen","Standard","12.874 x 14.095 x 4.567 in","2.56 lb","https://www.amazon.com/dp/B09Q38H2J4"
"","","B0C4LFRYDR","GZOOGHOME 4 Pack Bed Sheet Organizers and Storage, Sheet Folder Organizer for Linen Closet, Foldable Sheets Set Keeper XL (Queen or King Size) Organizing Bedding Container (Circle Window, Black)","GZOOGHOME","$39.99","819","21","$32,752","05/07/2023","$26.66","4.2","144","$13.33","44,184","7","FBA","2","Home & Kitchen","Standard","4.5 x 12.8 x 15 in","3.1 lb","https://www.amazon.com/dp/B0C4LFRYDR"
"","","B09XBF9J8B","Canvas Comforters Bags Closet Organizers and Storage for Quilts Clothes Organization Containers Bins with Sturdy Zipper, Clear Window 75L for Sweaters Blankets Storage Bedroom Collapsible","CHICVIE","$39.99","435","14","$17,396","04/05/2022","$27.56","4.7","130","$12.43","65,931","5","FBA","2","Home & Kitchen","Standard","9.016 x 11.929 x 4.213 in","3.631 lb","https://www.amazon.com/dp/B09XBF9J8B"
"","","B08NJP3J18","SGHUO Clear Zippered Storage Bag, Plastic Vinyl Clear Storage Bag for Blanket Clothes, Comforter, Bedding, Moving Bag with Zipper and Reinforced Handle (4pcs)","SGHUO","$24.99","1,186","30","$29,638","11/15/2020","$-9.74","4.6","1,487","$34.73","31,314","7","FBA","1","Home & Kitchen","Oversize","16.5 x 9.5 x 23.5 in","1.4 kg","https://www.amazon.com/dp/B08NJP3J18"
"","","B07FQTBFZ5","Sorbus Storage Bins with Metal Frame - Stackable & Foldable Clothes Organizer Bags - Oxford Fabric Storage Containers with Large Clear Window & Carry Handles, Bedroom Organization for Bedding & Linen","Sorbus","$24.99","769","19","$19,217","01/21/2018","$14.81","4.7","2,324","$10.18","49,637","7","FBA","4","Home & Kitchen","Standard","2 x 16.5 x 12.5 in","3.1 lb","https://www.amazon.com/dp/B07FQTBFZ5"
"","","B0CM9C87K1","20 Gallon Large Clear Blanket Storage Bags for Bedding with Zipper Handles, 76L Oversized Comforter Storage Bag King Size, Folding Plastic Bedding Storage for Clothes, Bed Sheet, Pillow, Toys, 4Pack","Acnusik","$25.97","423","4","$10,985","10/31/2023","","4.6","36","","218,040","7","FBA","1","Home & Kitchen","","","","https://www.amazon.com/dp/B0CM9C87K1"
"","","B0CDLFH8PX","Feverdes SheetCube Bed Sheet Organizers and Storage 2 Pack (Queen or King Size),Foldable Bedding Organizer with Zipper,for Bed Sheets, Duvet Covers, Blankets, Pillowcases (Grey)","Feverdes","$39.99","604","7","$24,154","08/02/2023","","4.4","29","","125,613","6","FBA","1","Home & Kitchen","","","","https://www.amazon.com/dp/B0CDLFH8PX"
"","","B0C5WL6CFL","KIMBORA Foldable Bed Sheet Organizer and Storage, 3 Pack King Size Sheet Set Organizer for Linen Closet With Clear PVC Sheet Storage for Bedding Sheets, Duvet Covers and Pillow cases","KIMBORA","$23.99","887","17","$21,279","05/21/2023","$13.06","4.3","124","$10.93","54,386","7","FBA","2","Home & Kitchen","Standard","4.5 x 13 x 15 in","1 lb","https://www.amazon.com/dp/B0C5WL6CFL"
"","","B0CFXX2BSH","Wesapor Foldable Bed Sheet Set Organizer, 2-Pack Sheet Set Organizer for Linen Closet,Sheet Organizer and Storage for Bedding Clothes Blankets, Bed Sheet Storage Box for Duvet Cover Set","Wesapor","$49.99","476","39","$23,795","08/16/2023","$37.35","5","4","$12.64","23,327","7","FBA","1","Home & Kitchen","Standard","1 x 1 x 1 in","1.83 lb","https://www.amazon.com/dp/B0CFXX2BSH"
"","","B0CDRZYXG5","90L Large Storage Bags For Clothes,6 Pack Foldable Blanket Clothing Storage Bags With Lids And Handle,Grey Storage Containers Organizers Bins With Zipper For Closet, Clothing, Comforters And Blankets","VISRIE","$13.00","2,206","56","$28,678","07/31/2023","","4.3","116","","15,683","7","FBM","3","Home & Kitchen","","","","https://www.amazon.com/dp/B0CDRZYXG5"
"","","B0C9Q61MDQ","SpaceAid 6 Pack Bed Sheet Organizers and Storage, Foldable Sheet Organizer for Linen Closet, Sheets Set Folder Keeper with Window XL (Queen & King Size) Organizing Bedding Container, Black","SpaceAid","$49.98","1,057","27","$52,829","06/28/2023","","4.6","131","","34,911","6","FBA","2","Home & Kitchen","","","","https://www.amazon.com/dp/B0C9Q61MDQ"
"","","B0973DGD8P","20 Pack Vacuum Storage Bags, Space Saver Bags (4 Jumbo/4 Large/4 Medium/4 Small/4 Roll) Compression for Comforters and Blankets, Sealer Clothes Storage, Hand Pump Included","Cozy Essential","$24.99","67,653","1,974","$1.69M","07/28/2021","$14.51","4.3","54,443","$10.48","37","6","FBA","2","Home & Kitchen","Standard","8.071 x 12.244 x 6.614 in","3.699 lb","https://www.amazon.com/dp/B0973DGD8P"
"","","B0CH2XNB9C","Phinox 4-Pack Queen or King Size Breathable Fabric Storage Boxes with Zippers for Linen Closet","PHINOX","$32.99","270","9","$8,907","08/31/2023","","4.6","60","","96,700","7","FBA","1","Home & Kitchen","","","","https://www.amazon.com/dp/B0CH2XNB9C"
"","","B0C4H9YKG7","SUOCO Storage and Moving Bags 6 Pack, Heavy Duty Extra Large Clothing Bins Containers Organizers for Clothes, Comforters, Blankets, Pillows, Bedding","SUOCO","$11.99","1,125","259","$13,489","07/13/2023","","4.4","167","","2,074","7","FBA","1","Home & Kitchen","","","","https://www.amazon.com/dp/B0C4H9YKG7"
"","","B0C9QB47R2","SpaceAid 8 Pack Bed Sheet Organizers and Storage, Foldable Sheet Organizer for Linen Closet, Sheets Set Folder Keeper with Window XL (Queen & King Size) Organizing Bedding Container, Beige","SpaceAid","$62.98","1,274","43","$80,237","06/28/2023","","4.4","127","","21,151","6","FBA","2","Home & Kitchen","","","","https://www.amazon.com/dp/B0C9QB47R2"
"","","B0CJJHZS33","Bed Sheet Organizers and Storage - 4 Pack (Queen or King Size),Foldable Storage Box for Duvet Cover Set, Linen Closet Organizer for Bedding Clothes Blankets, Grey","Aokeyee","$39.59","637","24","$25,219","09/20/2023","$26.32","4.7","90","$13.27","38,653","6","FBA","1","Home & Kitchen","Standard","12.9 x 5 x 15 in","4.85 lb","https://www.amazon.com/dp/B0CJJHZS33"
"","","B0CB3S75HL","Furnhome 6 Pack Bed Sheet Organizers and Storage, Sheet Organizer for Linen Closet, Foldable Sheet Set Organizer, Sheet Storage Cube for Beding Sheets, Duvet Covers and Pillowcases","Furnhome","$69.99","220","4","$15,398","07/03/2023","","4.5","69","","217,116","7","FBA","3","Home & Kitchen","","","","https://www.amazon.com/dp/B0CB3S75HL"
"","","B0C9PL48DM","BIKTIC SheetCube Bed Sheet Organizers and Storage,4 Pack Sheet Folder Organizer (Queen or King Size), Linen Closet Organizer for Bedding Sheets,Duvet Covers and Pillow cases,Grey","BIKTIC","$49.99","1,602","42","$80,084","07/31/2023","","4.8","371","","21,514","7","FBA","4","Home & Kitchen","","","","https://www.amazon.com/dp/B0C9PL48DM"
"","","B0BT74ZHXK","LINENMATE Queen/King Size (Ivory 2-Pack) - The Original 2-Pack Linen Storage Container with Sheet-Folding Assisted Panels | Bed Sheets | Duvet Covers | Pillowcases | Towels","LINENMATE","$74.97","966","26","$72,421","01/25/2023","$54.89","4.5","174","$20.08","35,818","6","FBA","5","Home & Kitchen","Standard","12 x 4 x 15 in","2.74 kg","https://www.amazon.com/dp/B0BT74ZHXK"
"","","B09LM8KPYN","StorageRight Storage Bins,3-Pack Clothes Storage, Foldable Blanket Storage Bags, Under Bed Storage Containers for Organizing, Clothing, Bedroom, Comforter, Closet, Dorm, Quilts, Organizer,Grey","StorageRight","$16.99","4,727","127","$80,312","01/02/2022","$8.01","4.2","5,936","$8.98","5,822","6","FBA","3","Home & Kitchen","Standard","10.079 x 12.047 x 3.583 in","1.041 lb","https://www.amazon.com/dp/B09LM8KPYN"
"","","B099MYRYG9","Ineetatu Clear Storage Bags with Zipper, 75L Extra Large Capacity - Closet, Underbed Storage Organizer for Clothes, Bedding, Comforter, Toys, Pillow & Blanket, 3 Pack","Ineetatu","$21.99","1,567","40","$34,458","07/15/2021","$12.90","4.7","814","$9.09","22,908","6","FBA","1","Home & Kitchen","Standard","9.49 x 2.56 x 13.5 in","1.87 lb","https://www.amazon.com/dp/B099MYRYG9"
"","","B0CHJBZJ4V","AxPower 5 Pack Foldable Bed Sheet Organizers and Storage, Sheet Folder Organizer with Window for Queen or King Sheets, Duvet Covers, and Pillowcases, Linen Closet Organizer for Bedding Clothes Towels","AxPower","$49.99","113","8","$5,649","09/06/2023","","4.3","37","","115,109","6","FBA","1","Home & Kitchen","","","","https://www.amazon.com/dp/B0CHJBZJ4V"
"","","B09YM8GN8G","Clothes Storage Bags Foldable Blanket Storage Bins for Closet Organizers Storage Containers with Durable Handles Thick Fabric for Clothing Comforter Blanket Bedding Organization and Storage 6 Pack","Budding Joy","$21.99","7,469","101","$164,243","04/21/2022","$0.63","4.3","2,960","$21.36","7,766","6","FBA","3","Home & Kitchen","Oversize","13 x 12.2 x 21.7 in","2.2 lb","https://www.amazon.com/dp/B09YM8GN8G"
"","","B07FV68GLK","VEAMOR Comforter Storage Bags Pack of 2,Pillow Beddings/Blanket Clothes Organizer Storage Containers with Zippers,Breathable and Moistureproof(Black,2pcs)","VEAMOR","$24.99","794","16","$19,842","06/21/2018","$15.45","4.5","1,808","$9.54","56,889","6","FBA","2","Home & Kitchen","Standard","9.8 x 3 x 13 in","0.882 lb","https://www.amazon.com/dp/B07FV68GLK"
"","","B077XFWHSV","MISSLO Water Resistant Thick Over Size Storage Bag, Folding Organizer Bag, Under Bed Storage, College Carrying Bag for Bedding Comforters, Blanket, Clothes (Grey)","MISSLO","$13.99","217","7","$3,036","02/11/2018","$6.75","4.7","1,194","$7.24","122,539","6","FBA","3","Home & Kitchen","Standard","9.84 x 10.47 x 1.26 in","1.199 lb","https://www.amazon.com/dp/B077XFWHSV"
"","","B0C7ZDC8DF","Cosy Family 90L Durable Storage Clothing Bags - Storage Containers Clothes Organizer with Reinforced Handle Sturdy Woven Fabric for Blankets, Bedding, Collapsible with Zipper, 6 Pack, Grey","Cosy Family","$9.99","1,965","89","$19,630","06/13/2023","","4.5","165","","9,085","7","FBA","1","Home & Kitchen","","","","https://www.amazon.com/dp/B0C7ZDC8DF"
"","","B0BYH6QNN7","Fixwal Storage Bags 90L 4-Pack Large Blanket Clothes Organization and Storage Containers for Bedding, Comforters, Foldable Organizer with Reinforced Handle, Clear Window, Sturdy Zippers, Grey","Fixwal","$12.99","298","12","$3,871","03/14/2023","$-11.96","4.3","2,225","$24.95","74,376","7","FBA","1","Home & Kitchen","Oversize","15.8 x 13.8 x 24 in","1.9 lb","https://www.amazon.com/dp/B0BYH6QNN7"