"Export time:  2/14/2024, 2:15:39 PM","","ASIN","Product Name","Brand","Price","Monthly Units Sold","Daily Units Sold","Monthly Revenue","Date First Available","Net Revenue","Star Rating","Reviews","Amazon Fees","BSR","LQS","Seller Type","Sellers","Category","Product Tier","Dimensions","Weight","Link"
"","","B09V5LVBLR","Amazon Basics 19 Quart Stackable Plastic Storage Bins with Latching Lids- Clear/ Grey- Pack of 6","Amazon Basics","$42.12","","","","07/05/2022","$14.76","4.2","710","$27.36","1,940","6","AMZ","1","Our Brands","Oversize","16.42 x 19.65 x 13.3 in","11.27 lb","https://www.amazon.com/dp/B09V5LVBLR"
"plastic storage bins with lids","","B0CBM5QY1T","OlarHike 48QT Storage Bins with Lids - Folding Storage box with Doors and Wheels, Collapsible Plastic Storage Bins for Closets, Stackable Storage Organizer, Storage Containers for Closet, 3 Pack Cubes","OlarHike","$119.99","2,340","78","$280,777","","","4.4","163","","10,783","","FBA","","Home & Kitchen","","","","https://www.amazon.com/dp/B0CBM5QY1T"
"Average Monthly Sales: 3,716","","B0BNZW64PB","Yishyfier Plastic Storage Baskets Bins Boxes With Lids,Organizing Container White Storage Organizer Bins For Shelves Drawers Desktop Playroom Classroom Office,6-Pack(4XL+2L)","Yishyfier","$79.99","450","15","$35,996","12/04/2022","","4.7","42","","63,476","6","FBA","1","Home & Kitchen","","","","https://www.amazon.com/dp/B0BNZW64PB"
"Average Revenue: $253,263","","B0B5WKNGBL","HAIXIN Storage Cabinet, Plastic Shelves Organizer, Folding Storage Box, Collapsible Totes Containers For Storage, 8.4 Gal Clear Storage Bins, Stackable Under Bed Storage Container, 6 Pack Bookshelf","HAIXIN","$259.99","8,604","206","$2.24M","07/05/2022","$195.33","4.5","3,599","$64.66","2,939","6","FBA","2","Home & Kitchen","Oversize","13 x 25 x 19 in","1 lb","https://www.amazon.com/dp/B0B5WKNGBL"
"Average Price: $58.16","","B00CQGTGXS","IRIS USA 53 Quart Stackable Plastic Storage Bins with Lids and Latching Buckles, 6 Pack - Clear, Containers with Lids and Latches, Durable Nestable Closet, Garage, Totes, Tubs Boxes Organizing","IRIS","$89.99","23,854","757","$2.15M","04/28/2013","$43.23","4","26,480","$46.76","306","7","AMZ","10","Home & Kitchen","Oversize","22 x 23.25 x 17.5 in","22.95 lb","https://www.amazon.com/dp/B00CQGTGXS"
"Average No. of Ratings: 3,738","","B07PR9NM54","Rubbermaid Cleverstore Clear Plastic Storage Bins with Lid, 95 Qt, 4 Pack, 4 Count, Polypropylene, Plastic","Rubbermaid","$101.99","11,207","297","$1.14M","03/17/2019","$42.28","4.3","15,575","$59.71","1,667","7","AMZ","19","Home & Kitchen","Oversize","19 x 28.8 x 18.4 in","21.301 lb","https://www.amazon.com/dp/B07PR9NM54"
"Average Sales Rank: 77,178","","B01MQY0SG9","Sterilite 64 Qt Latching Storage Box, Stackable Bin with Latch Lid, Plastic Container to Organize Clothes in Closet, Clear with White Lid, (Pack of 6)","Sterilite","$56.88","2,438","50","$138,673","12/19/2016","$13.19","4.6","918","$43.69","17,864","6","AMZ","10","Home & Kitchen","Oversize","24 x 16 x 25 in","24 lb","https://www.amazon.com/dp/B01MQY0SG9"
"Average Rating Number: 4.5","","B0BWJVWV9X","Closet Organizers and Storage 8.5 Gal, Storage Bins with Lids 4 Pack, Stackable Collapsible Storage Bins, Storage Cabinet with Wheels, Plastic Foldable Folding Box for Home, Dorm Room Essentials","Idle Way","$119.99","1,401","57","$168,106","02/21/2023","","4.7","656","","15,407","7","FBA","4","Home & Kitchen","","","","https://www.amazon.com/dp/B0BWJVWV9X"
"","","B0CJC2JS5V","EOENVIVS Plastic Storage Bins 12 Pack Plastic Storage Container with Snap Lids, Stackable Shoe Organizer Boxes Storage Baskets for Organizing Closet Organizers and Storage, Clear+White","EOENVIVS","$36.99","221","8","$8,175","05/29/2023","","4.5","21","","117,308","6","FBA","1","Home & Kitchen","","","","https://www.amazon.com/dp/B0CJC2JS5V"
"","","B07DFBSTFR","IRIS USA 5.9 Quarts Plastic Storage Container Bin with Latching Lid, 20 Pack, Nestable Box Tote Closet Game Organization Teacher Tools Art Supplies Shoe Shoebox Stackable","IRIS","$26.09","11,910","479","$310,732","05/29/2018","$4.88","4","20,140","$21.21","733","7","AMZ","13","Home & Kitchen","Oversize","14 x 16 x 13.8 in","8.111 lb","https://www.amazon.com/dp/B07DFBSTFR"
"","","B0C6LJXD72","8 Pack Clear Storage Bins with Lids Stackable, Large Plastic Storage Bins with Handle for Pantry Organization and Storage, Perfect Containers for Fridge Organizer, Kitchen, Cabinets, Bathroom","theaoo","$42.99","2,180","78","$93,718","05/29/2023","","4.7","438","","3,089","7","FBA","2","Kitchen & Dining","","","","https://www.amazon.com/dp/B0C6LJXD72"
"","","B002BDTETW","Sterilite 6 Qt Storage Box, Stackable Bin with Lid, Plastic Container to Organize Shoes and Crafts on Closet Shelves, Clear with White Lid, 12-pack","STERILITE","$26.99","9,986","371","$269,522","06/26/2007","$9.44","4.6","9,605","$17.55","1,150","7","AMZ","22","Home & Kitchen","Oversize","14.2 x 14.2 x 8.7 in","6.649 lb","https://www.amazon.com/dp/B002BDTETW"
"","","B0CJHFJY93","IRIS USA 12 Quart Stackable Plastic Storage Bins with Lids and Latching Buckles, 4 Pack - Pearl, Containers with Lids and Latches, Durable Nestable Closet, Garage, Totes, Tubs Boxes Organizing","IRIS","$27.99","2,702","97","$75,629","09/22/2023","","4.1","9,163","","8,204","7","AMZ","11","Home & Kitchen","","","","https://www.amazon.com/dp/B0CJHFJY93"
"","","B08KD1M8DZ","IRIS USA 72 Quart Stackable Plastic Storage Bins with Lids and Latching Buckles, 4 Pack - Pearl, Containers with Lids and Latches, Durable Nestable Closet, Garage, Totes, Tubs Boxes Organizing","IRIS","$89.99","14,408","414","$1.30M","09/28/2020","$43.99","4.4","27,501","$46.00","951","7","AMZ","10","Home & Kitchen","Oversize","19 x 26 x 17.5 in","15.651 lb","https://www.amazon.com/dp/B08KD1M8DZ"
"","","B0CFKPF2JC","DOADW Stackable Plastic Storage Bins with Lids and Latching Buckles, 100 Quarts (25 Gal) Clear Boxes Containers with Lids, Durable Collapsible Bins Closet, Garage, Totes, Decorative Boxes Organizing","DOADW","$52.99","263","6","$13,936","10/17/2023","","4.4","160","","142,580","7","FBA","1","Home & Kitchen","","","","https://www.amazon.com/dp/B0CFKPF2JC"
"","","B0CHDW8J4W","PRANDOM Stackable Clear Storage Bins with Lids,70 Qt Plastic Collapsible Organizer Containers Boxes with Doors for Closet Living Room Bedroom White 15x11.2x8.7 x 3-Pack","PRANDOM","$39.99","660","22","$26,393","","","4.7","82","","43,156","","FBA","","Home & Kitchen","","","","https://www.amazon.com/dp/B0CHDW8J4W"
"","","B0C4GFVX4W","Plastic Storage Bins, Stackable Storage Organizer With WheelsStorage Containers with Lids, Collapsible Storage Box With Handle for Bedroom Living Room Kitchen, Closet Organizers and Storage (1 Pack)","Lingerlanden","$39.99","90","3","$3,599","05/05/2023","","4.8","39","","255,916","7","FBA","1","Home & Kitchen","","","","https://www.amazon.com/dp/B0C4GFVX4W"
"","","B0BWYP5KGP","cocoduck Stackable Storage Bins 2 Pack,Closet Organizers and Storage 47.5 Quart Plastic Storage Bins with Lids,Collapsible Storage Bins,Closet Storage Bins for Home,Office,Dorm Room Essentials","cocoduck","$49.88","60","2","$2,993","02/21/2023","","4.7","151","","319,349","7","FBA","1","Home & Kitchen","","","","https://www.amazon.com/dp/B0BWYP5KGP"
"","","B09JQ5NHLB","IRIS USA 6 Quart Large Clip Box, 4 Pack, Clear Plastic Storage Container Bins with Latching Lids, Organizing Container for Home, Office and School Supplies, Stackable, Seafoam Blue Buckles","IRIS","$29.99","5,625","155","$168,694","10/17/2021","$11.61","4.6","2,239","$18.38","1,234","7","AMZ","9","Office Products","Oversize","16.12 x 9.38 x 12.87 in","4.08 lb","https://www.amazon.com/dp/B09JQ5NHLB"
"","","B097HV58W2","Superio Clear Storage Boxes with Lids, Plastic Container Bins for Organizing, Stackable Crates, BPA Free, Non Toxic, Odor Free, Organizers for Home, Office, School, and Dorm (6 Quart, 2 Pack)","Superio","$20.99","3,780","126","$79,342","06/17/2021","$10.81","4.2","964","$10.18","5,865","6","FBA","1","Home & Kitchen","Standard","7.992 x 12.874 x 6.535 in","1.31 lb","https://www.amazon.com/dp/B097HV58W2"
"","","B002BA5F52","Sterilite 18 Qt Ultra Latch Box, Stackable Storage Bin with Lid, Plastic Container with Heavy Duty Latches to Organize, Clear and White Lid, 6-Pack","Sterilite","$42.29","10,127","315","$428,271","06/16/2009","$14.85","4.6","10,263","$27.44","1,511","7","AMZ","12","Home & Kitchen","Oversize","18.5 x 19.5 x 12.6 in","12 lb","https://www.amazon.com/dp/B002BA5F52"
"","","B0B826Y6SY","CTSNSLH 26Qt Collapsible Plastic Storage Bins for Closet Organizers, Stackable Storage Bins with Lids - 2 Pack for Home and Dorm","CTSNSLH","$19.99","592","19","$11,834","07/28/2022","","4.5","619","","49,689","7","FBA","1","Home & Kitchen","","","","https://www.amazon.com/dp/B0B826Y6SY"
"","","B0BZCYGGP2","Storage Bins with Lids,78 Quart Plastic Bins with Lids,Large Closet Organizers, 3 Packs Collapsible Storage Bins with Wheels,Double Door Stackable Bins for Clothes,Home","KHNR","$129.99","3,114","88","$404,789","05/05/2023","","4.4","422","","9,241","7","FBA","2","Home & Kitchen","","","","https://www.amazon.com/dp/B0BZCYGGP2"
"","","B0CJ348726","Fluxxus 2 Pack Collapsible Storage Bins With Lids & Wheels, 21 Gal Plastic Folding Storage Bins, Stackable Storage Bins with Doors for Closet Organizers and Storage for Home, Office, Kitchen","Fluxxus","$119.99","","","$0.00","09/13/2023","","4.8","18","","1,488,549","7","FBA","1","Home & Kitchen","","","","https://www.amazon.com/dp/B0CJ348726"
"","","B0C6MBX7H3","wookon Closet Organizers and Storage,108QT/27Gal Stackable Storage Bins Open Front,4 Packs Extra Large Collapsible Storage Bins with Lids,Plastic Clothes Organizer,Folding Storage Box","wookon","$179.56","136","4","$24,420","05/29/2023","","4.4","64","","200,312","7","FBA","2","Home & Kitchen","","","","https://www.amazon.com/dp/B0C6MBX7H3"
"","","B0CN49H9BZ","Cetomo 40Qt*4 Plastic Storage Bins, Clear Lidded Storage Box with Wheels, Stackable, 40Quart, Set of 4","Cetomo","$45.90","1,278","27","$58,660","11/10/2023","","5","7","","34,787","6","AMZ","1","Home & Kitchen","","","","https://www.amazon.com/dp/B0CN49H9BZ"
"","","B00KL7VPWO","Sterilite 54 Qt Gasket Box, Stackable Storage Bin with Latching Lid and Tight Seal, Plastic Container to Organize Basement, Clear Base and Lid, 4-Pack","Sterilite","$58.00","6,216","192","$360,528","05/20/2014","$19.08","4.3","4,924","$38.92","3,267","7","AMZ","11","Home & Kitchen","Oversize","22 x 22.15 x 16.05 in","18.499 lb","https://www.amazon.com/dp/B00KL7VPWO"
"","","B08H8X25XZ","Tribello Clear Plastic Storage Bins with Lids Stackable Storage Bins (15 Quart)","Tribello","$22.99","2,344","86","$53,889","10/02/2020","$11.61","4.6","688","$11.38","9,477","6","FBA","1","Home & Kitchen","Standard","10.866 x 16.85 x 6.378 in","0.8 lb","https://www.amazon.com/dp/B08H8X25XZ"
"","","B0B7P6GYR6","Rubbermaid Roughneck 66 Qt/16.5 Gal Clear Storage Containers, Pack of 4 with Latching Grey Lids, Sturdy and Stackable, Great for Storage and Organization","Rubbermaid","$104.99","1,393","34","$146,251","07/25/2022","$43.07","4.2","1,034","$61.92","27,009","7","AMZ","11","Home & Kitchen","Oversize","24.2 x 27.2 x 16.25 in","18.999 lb","https://www.amazon.com/dp/B0B7P6GYR6"
"","","B09XWPXDRP","IRIS USA 14.5 Quarts Plastic Storage Container Bin with Latching Lid, 4 Pack, Nestable Box Tote Closet Game Organization Teacher Tools Art Supplies Shoe Shoebox Stackable","IRIS","$19.99","5,553","167","$111,004","04/30/2022","$1.97","3.9","3,437","$18.02","3,969","7","AMZ","1","Home & Kitchen","Oversize","11.75 x 16.9 x 11.4 in","4.35 lb","https://www.amazon.com/dp/B09XWPXDRP"
"","","B09V5L93P3","Amazon Basics 12 Quart Stackable Plastic Storage Bins with Latching Lids- Clear/ Grey- Pack of 6","Amazon Basics","$31.59","","","","07/05/2022","","4.2","710","","1,940","6","AMZ","7","Our Brands","","","","https://www.amazon.com/dp/B09V5L93P3"
"","","B0CQ4JBDBP","Kmiectse 48 QT Large Storage Bins with Lid, Plastic Storage Organizer for Living Room Bedroom, Foldable Stackable Toy Storage, Storage Containers for House Organizing, 4 Tier 8.5 Gal White","Kmiectse","$84.99","688","56","$58,473","12/12/2023","","4.5","113","","15,807","7","FBA","1","Home & Kitchen","","","","https://www.amazon.com/dp/B0CQ4JBDBP"
"","","B001RCUNJ8","Sterilite 70 Qt Ultra Latch Box, Stackable Storage Bin with Lid, Plastic Container with Heavy Duty Latches To Organize, Clear and White Lid, 4-Pack","Sterilite","$39.99","10,118","315","$404,619","02/12/2009","$5.32","4.6","10,263","$34.67","1,511","5","FBM","6","Home & Kitchen","Oversize","16.25 x 13.5 x 26.25 in","5.25 lb","https://www.amazon.com/dp/B001RCUNJ8"
"","","B0BHW4R3N1","WYT 6-Pack Clear 7 Quart Storage Latch Box/Bins, Plastic Stackable Latching Box with Brown Handle and Lid, Multi-Purpose, 7 Litre","WYT","$27.19","1,040","38","$28,278","08/17/2020","","4.2","412","","24,463","7","FBA","1","Home & Kitchen","","","","https://www.amazon.com/dp/B0BHW4R3N1"
"","","B07KBJ46LK","Rubbermaid Roughneck Storage Totes, Durable Stackable Containers, Great for Garage Storage, Moving Boxes, and More, 18 Gal - 6 Pack","Rubbermaid","$117.18","5,854","178","$685,972","11/07/2018","$45.95","4.6","9,246","$71.23","3,639","7","AMZ","8","Home & Kitchen","Oversize","24.4 x 32.6 x 16.3 in","29.701 lb","https://www.amazon.com/dp/B07KBJ46LK"
"","","B071CWD2T5","HOMZ Heavy Duty 31 Quart Modular Plastic Stackable Toy Organizer Bins Storage Tote Containers with Latching Lids for Home and Office, Clear (4 Pack)","HOMZ","$45.49","2,613","68","$118,865","10/12/2015","$18.68","4.5","12,345","$26.81","3,657","7","AMZ","3","Kitchen & Dining","Oversize","16.535 x 18.661 x 13.465 in","9.127 lb","https://www.amazon.com/dp/B071CWD2T5"
"","","B00M0I1QP8","Sterilite 16 Quart Basic Clear Storage Box with White Lid (Pack of 2)","Sterilite","$19.49","1,227","52","$23,914","05/15/2014","$9.21","4.6","1,571","$10.28","17,176","4","FBA","14","Home & Kitchen","Standard","10.7 x 15.3 x 7.6 in","2.299 lb","https://www.amazon.com/dp/B00M0I1QP8"
"","","B07WD34M2Y","STERILITE Latching Storage Box, See-Through Base, 32-Qt","Sterilite","$22.25","1,492","49","$33,197","09/19/2013","$-14.41","4.7","206","$36.66","18,237","5","FBM","18","Home & Kitchen","Oversize","18 x 20 x 25 in","20 lb","https://www.amazon.com/dp/B07WD34M2Y"
"","","B08K2P9VNZ","Minekkyes 6-Pack Home Storage Bins, Plastic Container, Latching Box with Handle (Grey handle)","Minekkyes","$26.55","1,626","39","$43,170","09/24/2020","$14.34","4.3","647","$12.21","23,436","5","FBA","1","Home & Kitchen","Standard","11 x 14.5 x 8 in","3.1 lb","https://www.amazon.com/dp/B08K2P9VNZ"
"","","B0915XMJYX","AREYZIN Plastic Storage Baskets Bins With Lid Organizing Container Lidded Knit Storage Organizer Bins for Shelves Drawers Desktop Closet Playroom Classroom Office, 6 Pack","AREYZIN","$25.99","2,815","87","$73,162","03/25/2021","$15.06","4.5","2,372","$10.93","9,394","6","FBA","1","Home & Kitchen","Standard","9.53 x 11.14 x 7.6 in","2.579 lb","https://www.amazon.com/dp/B0915XMJYX"
"","","B00006IARN","Akro-Mils 66486 12-Gallon Plastic Stackable Storage KeepBox: Tote Container with Attached Hinged Lid, 21-1/2-Inch x 15-Inch x 12-1/2-Inch, Clear/Blue","Akro-Mils","$34.00","1,758","62","$59,772","08/25/2008","$8.94","4.6","4,452","$25.06","14,012","7","AMZ","19","Home & Kitchen","Oversize","15 x 22 x 12.5 in","4.37 lb","https://www.amazon.com/dp/B00006IARN"
"","","B0BVQ69QJD","WYT Clear Storage Latch Bins, 6-Pack Storage Organizer Box with Handle and Lids, 5-Litre","WYT","$23.99","4,489","130","$107,691","08/17/2020","","4.2","708","","5,605","6","FBA","1","Home & Kitchen","","","","https://www.amazon.com/dp/B0BVQ69QJD"
"","","B08N9ZXYNM","Inhouse 14 Quart Clear Storage Bin, Plastic Latching Box/Container with Lid, Shoe Boxes, Set of 4","Inhouse","$30.55","427","15","$13,045","05/22/2020","$18.04","4.2","243","$12.51","60,828","6","FBA","1","Home & Kitchen","Standard","10.472 x 15.866 x 7.402 in","4.537 lb","https://www.amazon.com/dp/B08N9ZXYNM"
"","","B002BA5F5C","Sterilite 30 Qt Ultra Latch Box, Stackable Storage Bin with Lid, Plastic Container with Heavy Duty Latches to Organize, Clear and White Lid, 6-Pack","Sterilite","$47.77","10,082","315","$481,617","06/16/2009","$16.46","4.6","10,263","$31.31","1,511","6","AMZ","17","Home & Kitchen","Oversize","18.504 x 24.016 x 12.598 in","15.388 lb","https://www.amazon.com/dp/B002BA5F5C"
"","","B09TFW842V","ClearSpace Plastic Storage Bins with Lids X-Large  Perfect Kitchen Organization or Pantry Storage  Fridge Organizer, Pantry Organization and Storage Bins, Cabinet Organizers","ClearSpace","$89.99","1,903","65","$171,251","02/24/2022","$61.47","4.6","1,662","$28.52","3,860","7","FBA","1","Kitchen & Dining","Oversize","12.79 x 9.76 x 17.71 in","16.7 lb","https://www.amazon.com/dp/B09TFW842V"
"","","B0CNCXSTFD","Cetomo Plastic Storage Bin Box Organizing Container with Lid and Secure Latching Buckles, Clear, 72Qt x 4, Pack of 4","Cetomo","$59.90","508","18","$30,429","11/14/2023","","4.3","33","","50,865","7","AMZ","2","Home & Kitchen","","","","https://www.amazon.com/dp/B0CNCXSTFD"
"","","B00KL7VM22","Sterilite 27 Gal Industrial Tote, Stackable Storage Bin with Latching Lid, Plastic Container with Heavy Duty Latches, Black Base and Lid, 4-Pack","Sterilite","$86.30","2,127","52","$183,560","05/20/2014","$6.95","4.7","2,060","$79.35","17,031","6","AMZ","16","Home & Kitchen","Oversize","24.6 x 29.7 x 23.4 in","32.099 lb","https://www.amazon.com/dp/B00KL7VM22"
"","","B001RCUNK2","Sterilite 116 Qt Ultra Latch Box, Stackable Storage Bin with Lid, Plastic Container with Heavy Duty Latches to Organize, Clear and White Lid, 4-Pack","Sterilite","$109.50","10,201","315","$1.12M","02/12/2009","$34.10","4.6","10,263","$75.40","1,511","7","AMZ","11","Home & Kitchen","Oversize","21 x 20 x 35 in","32 lb","https://www.amazon.com/dp/B001RCUNK2"
"","","B0CNCVXWJJ","Cetomo Plastic Storage Bin Box Stackable and Nestable with Lid and Secure Latching Buckles, Clear, 18Qt x 4, Pack of 4","Cetomo","$21.90","30","1","$657.00","11/14/2023","","5","5","","495,493","7","AMZ","1","Home & Kitchen","","","","https://www.amazon.com/dp/B0CNCVXWJJ"
"","","B004QJIAXU","Sterilite Large Clip Box, Stackable Small Storage Bin with Latching Lid, Plastic Container to Organize Paper, Office, Clear Base and Lid, 6-Pack","Sterilite","$46.99","2,573","77","$120,905","09/16/2004","$17.40","4.5","6,852","$29.59","3,122","6","AMZ","11","Kitchen & Dining","Oversize","17.72 x 24.09 x 11.97 in","13.62 lb","https://www.amazon.com/dp/B004QJIAXU"
"","","B01M12WWPI","Sterilite 1427CLR Stack & Carry - 2 Layer Box, Clear Lid & Blue Handle, See-through layers","Sterilite","$21.40","1,053","34","$22,534","09/12/2016","$10.26","4.6","946","$11.14","27,666","6","FBA","11","Home & Kitchen","Standard","11.54 x 14.13 x 7.6 in","1.87 lb","https://www.amazon.com/dp/B01M12WWPI"
"","","B098FM1GN2","Office Depot Brand by GreenMade Instaview Storage Container with Latch Handles/Snap Lids, 45 Qt, 16-1/2' x 15-3/4' x 21-1/2', Clear, Pack of 4","Office Depot","$38.99","257","2","$10,020","06/30/2021","$8.08","4.3","101","$30.91","318,014","5","FBM","1","Home & Kitchen","Oversize","15.5 x 16 x 21.5 in","13.46 lb","https://www.amazon.com/dp/B098FM1GN2"
"","","B07STLHLCZ","HOMZ 28 Quart Snaplock Plastic Storage Tote Container Bin with Secure Lid and Handles for Home and Office Organization, Clear (2 Pack)","HOMZ","$33.89","2,129","61","$72,152","06/06/2019","$10.75","4.4","5,080","$23.14","14,389","6","AMZ","10","Home & Kitchen","Oversize","16.7 x 23.8 x 8.6 in","6.4 lb","https://www.amazon.com/dp/B07STLHLCZ"
"","","B0BGYH5LL4","Lifetime Home (6 Pack) 42 Qt. [UPGRADED] Plastic Storage Bin Tote Organizing Container with Ultra Durable Lid and Secure Latching Buckles, Stackable, Extra Strength Clear with Black Handle","Lifetime Appliance Parts","$67.95","434","12","$29,490","09/01/2022","","4.3","183","","76,686","6","FBM","2","Home & Kitchen","","","","https://www.amazon.com/dp/B0BGYH5LL4"
"","","B0BC8VSWC7","Vtopmart 6 Pack Clear Stackable Storage Bins with Lids, Large Plastic Containers with Handle for Pantry Organizer and Storage,Perfect for Kitchen,Fridge,Cabinet, Closet,Bathroom Organization","Vtopmart","$29.99","10,299","346","$308,867","08/28/2022","$16.96","4.7","1,558","$13.03","351","7","FBA","2","Kitchen & Dining","Standard","13.11 x 7.95 x 15.51 in","7.65 lb","https://www.amazon.com/dp/B0BC8VSWC7"
"","","B0CN49Z449","Cetomo 40Qt*4 Plastic Storage Bins, Lidded Tote Storage Box with Handle, Stackable, Clear, 40Quart, 4 Pack","Cetomo","$45.90","810","27","$37,179","","","4.1","4","","34,063","","AMZ","","Home & Kitchen","","","","https://www.amazon.com/dp/B0CN49Z449"
"","","B0CN19KY14","Menkxi 4 Pcs Storage Bins with Lids Plastic Storage Containers Stackable Storage Box Baskets for Organizing Shelves(Green, Small)","Menkxi","$23.99","240","8","$5,758","","","4.2","10","","110,208","","FBA","","Home & Kitchen","","","","https://www.amazon.com/dp/B0CN19KY14"
"","","B094KNSRKY","Superio 4 Qt Clear Plastic Storage Bins with Lids and Latches, Organizing Containers, Stackable Plastic Tote for Household, Garage, School, and Office, Small","Superio","$12.99","2,743","80","$35,632","05/09/2021","","4.1","104","","10,380","7","FBA","4","Home & Kitchen","","","","https://www.amazon.com/dp/B094KNSRKY"
"","","B0B7CR1PN1","IRIS USA 19 Gallon Lockable Storage Totes with Lids, 6 Pack - Black, Heavy-Duty Durable Stackable Containers, Large Garage Organizing Bins Moving Tubs, Rugged Sturdy Equipment Utility Tool Box","IRIS","$119.99","5,469","103","$656,225","07/21/2022","$52.30","4.3","4,586","$67.69","7,597","7","AMZ","9","Home & Kitchen","Oversize","24.9 x 27.1 x 17.4 in","34.899 lb","https://www.amazon.com/dp/B0B7CR1PN1"
"","","B0BZHQ1L2R","HapiLeap Plastic Storage Bins with Lid, Stackable Storage Containers for Organizing, Storage Baskets for Shelves Kitchen Bathroom Playroom Classroom Office (Medium (Yellow+Orange))","HapiLeap","$26.95","240","8","$6,468","","","4","56","","116,865","","FBA","","Home & Kitchen","","","","https://www.amazon.com/dp/B0BZHQ1L2R"
"","","B004QJM0DG","Sterilite Deep Clip Box, Stackable Small Storage Bin with Latching Lid, Plastic Container to Organize Paper, Office, Home, Clear Base and Lid, 4-Pack","Sterilite","$32.25","4,545","180","$146,576","08/31/2011","$7.45","4.7","7,464","$24.80","3,587","6","AMZ","22","Home & Kitchen","Oversize","14.72 x 11.42 x 24.49 in","6.17 lb","https://www.amazon.com/dp/B004QJM0DG"
"","","B0CSYYDXMQ","Subsky 60QT Big Plastic Storage Bins-Collapsible Storage Bins with Lids,Stackable Storage Box,Closet Organizers and Storage,Storage Organizer (3 Tier)","","$89.99","60","2","$5,399","","","5","1","","356,434","","FBA","","Home & Kitchen","","","","https://www.amazon.com/dp/B0CSYYDXMQ"
"","","B09LHJSV6L","Wekioger Versatile Plastic Storage Box Organizer Bins with Black Lids, 14 Quart, 2 Packs","Wekioger","$28.99","165","5","$4,783","11/09/2021","$16.71","4.5","845","$12.28","171,171","","FBA","1","Home & Kitchen","Standard","11.9 x 6 x 16.4 in","2.47 lb","https://www.amazon.com/dp/B09LHJSV6L"