"Export time:  2/11/2024, 3:11:07 AM","","ASIN","Product Name","Brand","Price","Monthly Units Sold","Daily Units Sold","Monthly Revenue","Date First Available","Net Revenue","Star Rating","Reviews","Amazon Fees","BSR","LQS","Seller Type","Sellers","Category","Product Tier","Dimensions","Weight","Link"
"","","B073ZP5Z2X","Amazon Basics Glass Locking Lids Food Storage Containers, 14-Piece Set, 7 Count of Bases and 7 Plastic Lids, Clear, Blue","Amazon Basics","$29.02","3,152","135","$91,471","11/09/2018","","4.5","36,563","","1,518","7","AMZ","8","Kitchen & Dining","","","","https://www.amazon.com/dp/B073ZP5Z2X"
"glass food containers","","B0C3GZKGRF","VERONES 10 Pack Glass Meal Prep Containers, Airtight Glass Lunch Containers, Stackable Glass Food Storage Containers Set with Lids,BPA-Free, for Microwave, Oven, Freezer & Dishwasher Friendly,Grey","VERONES","$29.99","2,406","38","$72,156","04/24/2023","$18.46","4.7","344","$11.53","7,076","7","FBA","2","Kitchen & Dining","Standard","6.5 x 3 x 8 in","5.42 lb","https://www.amazon.com/dp/B0C3GZKGRF"
"Average Monthly Sales: 5,221","","B07N2BPQC3","M MCIRCO [5-Pack, 36 oz] Glass Meal Prep Containers 3 Compartment with Lids, Glass Lunch Containers,Food Prep Lunch Box,Bento Box,Microwave, Oven, Freezer, Dishwasher (4.5 Cups)","M MCIRCO","$29.99","3,756","182","$112,642","01/21/2019","$16.96","4.7","7,983","$13.03","986","6","FBA","1","Kitchen & Dining","Standard","9.2 x 16.4 x 8 in","10.549 lb","https://www.amazon.com/dp/B07N2BPQC3"
"Average Revenue: $174,473","","B07HRRV96C","M MCIRCO 10-Pack, 22 Oz Glass Food Storage Containers with Lids, BPA Free, Microwave, Oven, Freezer and Dishwasher Safe, Gray","M MCIRCO","$39.99","4,767","126","$190,632","09/27/2018","$28.85","4.7","5,910","$11.14","1,670","6","FBA","4","Kitchen & Dining","Standard","4.5 x 2.2 x 6.2 in","1.38 lb","https://www.amazon.com/dp/B07HRRV96C"
"Average Price: $32.86","","B09N4ZKCH6","JoyJolt JoyFul 24pc(12 Airtight, Freezer Safe Food Storage Containers and 12 Lids), Pantry Kitchen Storage Containers, Glass Meal Prep Container for Lunch, Glass Storage Containers with Lids","JoyJolt","$38.95","39,799","937","$1.55M","12/05/2021","$28.59","4.6","9,742","$10.36","51","7","FBA","1","Kitchen & Dining","Standard","11.89 x 7.64 x 16.26 in","13.5 oz","https://www.amazon.com/dp/B09N4ZKCH6"
"Average No. of Ratings: 8,359","","B09QQGY1BW","KOMUEE 24 Pieces Glass Food Storage Containers Set,Glass Meal Prep Containers-Stackable Airtight Glass Storage Containers with lids,BPA Free,Freezer to Oven Safe,Gray","KOMUEE","$29.97","4,769","216","$142,927","01/18/2022","$16.94","4.6","2,454","$13.03","758","7","FBA","1","Kitchen & Dining","Standard","9.33 x 7.83 x 14.5 in","10.98 lb","https://www.amazon.com/dp/B09QQGY1BW"
"Average Sales Rank: 7,313","","B0B9S5HZ26","Vtopmart 8 Pack Glass Food Storage Containers , Meal Prep , Airtight Bento Boxes with Leak Proof Locking Lids, for Microwave, Oven, Freezer and Dishwasher, BPA Free","Vtopmart","$22.94","13,651","796","$313,154","08/15/2022","$14.98","4.6","2,544","$7.96","72","6","FBA","1","Kitchen & Dining","Standard","6.06 x 2.75 x 8.14 in","12.5 oz","https://www.amazon.com/dp/B0B9S5HZ26"
"Average Rating Number: 4.6","","B0BL98DLWQ","Vtopmart 15 Pack Glass Food Storage Containers, Meal Prep Containers, Airtight Glass Bento Boxes with Leak Proof Locking Lids, for Microwave, Oven, Freezer and Dishwasher","Vtopmart","$38.98","2,754","65","$107,351","11/02/2022","$23.70","4.7","1,138","$15.28","3,886","7","FBA","5","Kitchen & Dining","Standard","13.27 x 6.34 x 14.84 in","13.69 lb","https://www.amazon.com/dp/B0BL98DLWQ"
"","","B0C4LHZ4SV","Vtopmart 5 Pack 22oz Glass Food Storage Containers with Lids, Meal Prep Containers, Airtight Lunch Containers Bento Boxes with Snap Locking Lids for Microwave, Oven, Freezer and Dishwasher","Vtopmart","$24.98","1,106","49","$27,628","05/07/2023","$14.20","4.8","113","$10.78","5,413","7","FBA","1","Kitchen & Dining","Standard","5.59 x 2.44 x 7.4 in","5.54 lb","https://www.amazon.com/dp/B0C4LHZ4SV"
"","","B0C4LMZLJC","Vtopmart 18Pack Glass Food Storage Containers with Lids, Meal Prep Containers, Airtight Lunch Containers Bento Boxes with Leak Proof Locking Lids for Microwave, Oven, Freezer, Dishwasher","Vtopmart","$42.99","1,618","41","$69,558","05/07/2023","$26.51","4.6","227","$16.48","6,493","7","FBA","4","Kitchen & Dining","Standard","6.06 x 2.75 x 8.14 in","15.64 lb","https://www.amazon.com/dp/B0C4LMZLJC"
"","","B079M8FPTW","Rubbermaid Brilliance BPA Free Food Storage Containers with Lids, Airtight, for Lunch, Meal Prep, and Leftovers, Set of 5 (3.2 Cup)","Rubbermaid","$30.16","58,070","1,775","$1.75M","02/04/2018","$19.21","4.7","81,523","$10.95","12","7","AMZ","15","Kitchen & Dining","Standard","8.19 x 5.67 x 10.2 in","2.7 lb","https://www.amazon.com/dp/B079M8FPTW"
"","","B08B7GLYZC","Rubbermaid Brilliance Glass Storage 3.2-Cup Food Containers with Lids, BPA Free and Leak Proof, Medium, Clear, Pack of 4","Rubbermaid","$37.96","13,530","359","$513,599","06/14/2020","$24.94","4.8","7,359","$13.02","330","7","AMZ","10","Kitchen & Dining","Standard","8.82 x 6.61 x 13.66 in","6.87 lb","https://www.amazon.com/dp/B08B7GLYZC"
"","","B07KZJVTMC","Bayco Glass Food Storage Containers with Lids, [24 Piece] Meal Prep, Airtight Bento Boxes, BPA Free & Leak Proof (12 lids & 12 Containers) - Blue","Bayco","$39.99","2,677","84","$107,053","11/28/2018","$25.16","4.6","24,418","$14.83","2,844","7","FBA","3","Kitchen & Dining","Standard","5.2 x 2.5 x 6.9 in","11.9 lb","https://www.amazon.com/dp/B07KZJVTMC"
"","","B08BS7RYM8","Amazon Basics Glass Food Storage Container with BPA-Free Locking Lid - Set of 14 pieces, clear with blue silicone ring","Amazon Basics","$37.99","1,253","21","$47,601","01/18/2021","$24.36","4.4","3,969","$13.63","13,519","7","AMZ","10","Kitchen & Dining","Standard","7.95 x 16.34 x 7.24 in","8.51 lb","https://www.amazon.com/dp/B08BS7RYM8"
"","","B0CG2GGDN2","Ello 10 Pc BPA Free Plastic Meal Prep Container Set - 5 Pack with Silicone Boots, Airtight Lids, Dishwasher & Microwave Safe, Elderberry","Ello","$26.99","1,063","38","$28,690","08/17/2023","$-8.42","4.8","56","$35.41","7,156","7","AMZ","2","Kitchen & Dining","Oversize","22.6 x 12.9 x 28.4 in","3.07 lb","https://www.amazon.com/dp/B0CG2GGDN2"
"","","B0CNP8TKX6","Brajttt Glass Jar 32oz,Set of 4 Jar with Lid,Airtight Glass Storage Jar with Wooden Lid, Glass Food Storage Containers for Kitchen Counter, Pantry, Coffee, Tea, Sugar, Cookie, Candy","Brajttt","$21.99","840","28","$18,472","11/19/2023","$12.41","4.9","16","$9.58","9,713","6","FBA","1","Kitchen & Dining","Standard","3 x 3 x 2 in","5.44 lb","https://www.amazon.com/dp/B0CNP8TKX6"
"","","B089Y57S9L","Urban Green Glass Jars with Wood Lids, 6 Sets, Food Storage Containers, 3.7in Canister Diameter, Oven Safe, Reusable, BPA Free","Urban Green","$36.99","324","15","$11,985","04/29/2020","$23.81","4.3","1,118","$13.18","18,540","7","FBA","1","Kitchen & Dining","Standard","12.9 x 5.9 x 13 in","5.31 lb","https://www.amazon.com/dp/B089Y57S9L"
"","","B07WT6K984","FineDine 24 Piece Glass Storage Containers with Lids - Leak Proof, Dishwasher Safe Glass Food Storage Containers for Meal Prep or Leftovers, Gray","FineDine","$24.49","10,408","501","$254,892","08/21/2019","$16.30","4.6","43,222","$8.19","180","7","FBA","2","Kitchen & Dining","Standard","12.28 x 7.8 x 16.06 in","13.5 oz","https://www.amazon.com/dp/B07WT6K984"
"","","B07R8BQD66","C CREST [10 Pack] Glass Meal Prep Containers, Food Storage Containers with Lids Airtight, Glass Lunch Boxes, Microwave, Oven, Freezer and Dishwasher Safe","C CREST","$39.99","11,930","349","$477,081","05/24/2019","$25.16","4.7","31,002","$14.83","347","7","FBA","3","Kitchen & Dining","Standard","9.96 x 16.73 x 7.01 in","11.66 lb","https://www.amazon.com/dp/B07R8BQD66"
"","","B07Q498XSZ","M MCIRCO [8-Pack,30 oz] Glass Meal Prep Containers,Glass Food Storage Containers,Airtight Glass lunch Containers with Lids - Microwave, Oven, Freezer and Dishwasher","M MCIRCO","$39.99","4,686","124","$187,393","03/27/2019","$28.85","4.8","4,553","$11.14","1,696","7","FBA","4","Kitchen & Dining","Standard","5.7 x 2.5 x 7.8 in","1.88 lb","https://www.amazon.com/dp/B07Q498XSZ"
"","","B0C595YHF5","VERONES 10 Pack 22 OZ Grey Glass Food Storage Containers, BPA-Free, Reusable, Non-Toxic, Stackable, Microwave, Oven, Freezer & Dishwasher Friendly","VERONES","$29.99","2,705","66","$81,123","05/14/2023","$16.66","4.6","332","$13.33","3,820","7","FBA","1","Kitchen & Dining","Standard","4.9 x 2.1 x 6.7 in","11.95 lb","https://www.amazon.com/dp/B0C595YHF5"
"","","B09TZ52CL6","DAS TRUST 10 Pack Glass Meal Prep Containers Meal Prep Bowls Food Storage Containers Glass Food Prep Containers with Lids Lunch Container for Adults Lunch Box Bento Boxes","DAS TRUST","$39.98","1,557","43","$62,249","03/05/2022","$24.85","4.3","235","$15.13","6,184","6","FBA","1","Kitchen & Dining","Standard","8.98 x 15.16 x 7.09 in","12.43 lb","https://www.amazon.com/dp/B09TZ52CL6"
"","","B0CNXTGNYS","ComSaf 25oz Glass Food Storage Jars Set of 6, Clear Glass Storage Containers with Bamboo Lids, Pantry Organization Jar, Spice, Blooming Tea, Coffee and Sugar Container, Small Canister Set for Kitchen","ComSaf","$33.99","625","27","$21,244","01/06/2024","$21.86","4.8","12","$12.13","10,093","7","FBA","2","Kitchen & Dining","Standard","4 x 4.72 x 4.72 in","5.24 lb","https://www.amazon.com/dp/B0CNXTGNYS"
"","","B095CDXSY5","M MCIRCO 30 Pieces Glass Food Storage Containers with Snap Locking Lids,Glass Meal Prep Containers Set - Airtight Lunch Containers, Microwave, Oven, Freezer and Dishwasher","M MCIRCO","$49.99","4,167","136","$208,308","05/18/2021","$37.35","4.6","5,066","$12.64","1,495","7","FBA","8","Kitchen & Dining","Standard","3.2 x 1.6 x 4.7 in","1.34 lb","https://www.amazon.com/dp/B095CDXSY5"
"","","B0CC5TTFRC","AISIPRIN Glass Food Storage Containers with Bamboo Lids,5 Pack Airtight Glass Jars with Screw On Lid, Pasta, Cereal, Sugar Flour Containers Storage, Kitchen Canisters 80oz 50oz 27oz With 42 Lables","","$29.51","390","13","$11,509","10/03/2023","","4.7","85","","20,921","","FBA","","Kitchen & Dining","","","","https://www.amazon.com/dp/B0CC5TTFRC"
"","","B0BM8NDLFV","UMEIED 10 Pack Glass Food Storage Containers with Lids Leakproof, Airtight Glass Meal Prep Containers For Lunch, On The Go, Leftover, Dishwasher Safe","UMEIED","$39.99","3,055","48","$122,169","11/13/2022","$25.16","4.7","1,726","$14.83","5,456","7","FBA","2","Kitchen & Dining","Standard","5.7 x 2.36 x 7.67 in","11.66 lb","https://www.amazon.com/dp/B0BM8NDLFV"
"","","B0BZS66X6R","VERONES 24 Pieces Glass Food Storage Containers Set, Airtight Glass Lunch Containers, Glass Meal Prep Containers with Lids,BPA-Free, for Microwave, Oven, Freezer & Dishwasher Friendly,Grey","VERONES","$30.58","3,838","10","$117,366","03/27/2023","$18.15","4.6","662","$12.43","26,737","7","AMZ","1","Kitchen & Dining","Standard","7.6 x 9 x 14.3 in","11.03 lb","https://www.amazon.com/dp/B0BZS66X6R"
"","","B07BSB87FL","M MCIRCO [5-Packs, 36 Oz Glass Meal Prep Containers with Snap Locking Lids Glass Food Containers,Airtight Lunch Container,Microwave, Oven, Freezer and Dishwasher (4.5 Cup)","M MCIRCO","$32.99","5,324","203","$175,639","03/28/2018","$20.11","4.7","8,059","$12.88","837","6","FBA","4","Kitchen & Dining","Standard","9.69 x 16.38 x 7.44 in","8.091 lb","https://www.amazon.com/dp/B07BSB87FL"
"","","B07JK1LGHQ","PrepNaturals 5 Pack Glass Food Storage Containers with Lids - Leakproof Glass Meal Prep Containers - Bento Box for Lunch - Dishwasher, Microwave, Oven & Freezer Safe (Multi-Compartment)","PrepNaturals","$29.99","7,498","205","$224,865","04/29/2018","$17.56","4.6","49,455","$12.43","821","7","FBA","1","Kitchen & Dining","Standard","9.61 x 16.14 x 7.64 in","8.651 lb","https://www.amazon.com/dp/B07JK1LGHQ"
"","","B0C5HRQ1BQ","HOMBERKING 10 Pack Glass Meal Prep Containers, 2 Compartment, BPA-Free, Leak Proof, 630ml Capacity, Grey","HOMBERKING","$37.99","5,585","111","$212,174","05/16/2023","$22.86","4.6","774","$15.13","1,972","7","FBA","5","Kitchen & Dining","Standard","7.48 x 14.2 x 12 in","13.51 lb","https://www.amazon.com/dp/B0C5HRQ1BQ"
"","","B08X4615SC","KOMUEE 10 Packs 30 oz Glass Meal Prep Containers,Glass Food Storage Containers with Lids,Airtight Glass Lunch Bento Boxes,BPA Free,Microwave,Freezer and Dishwasher,Gray","KOMUEE","$43.99","4,657","146","$204,861","02/21/2021","$32.25","4.7","1,750","$11.74","1,355","7","FBA","4","Kitchen & Dining","Standard","5.7 x 2.5 x 7.8 in","1.88 lb","https://www.amazon.com/dp/B08X4615SC"
"","","B07BJN11KV","FIT Strong & Healthy 2 & 3 Compartment Glass Meal Prep Containers (4 Pack, 32 oz) - Glass Food Storage Containers with Lids, Glass Bento Box, Portion Control, Airtight, Oven & Freezer safe","FIT Strong & Healthy","$29.99","5,191","149","$155,678","03/17/2018","$20.35","4.7","7,812","$9.64","1,319","7","FBA","1","Kitchen & Dining","Standard","6.5 x 2.7 x 8 in","2 lb","https://www.amazon.com/dp/B07BJN11KV"
"","","B0C5H9VL36","HOMBERKING 12 Sets Glass Food Storage Containers with Lids, Meal Prep Containers, Airtight Bento Boxes, BPA Free & Leak Proof, Pantry Kitchen Storage(12 lids & 12 Containers) - White","HOMBERKING","$35.99","3,435","39","$123,626","05/16/2023","$21.76","4.8","684","$14.23","7,000","7","FBA","6","Kitchen & Dining","Standard","12.4 x 7.5 x 15.2 in","11.14 lb","https://www.amazon.com/dp/B0C5H9VL36"
"","","B08VD783DS","S'well Prep Food Glass Bowls - Set of 4, 12oz - Make Meal Easy and Convenient - Leak-Resistant Pop-Top Lids - Microwavable and Dishwasher-Safe, clear (14212-B20-69900)","S'well","$19.99","3,413","211","$68,226","01/28/2021","$10.56","4.3","1,157","$9.43","790","7","AMZ","5","Kitchen & Dining","Standard","4.41 x 4.8 x 8.66 in","3.09 lb","https://www.amazon.com/dp/B08VD783DS"
"","","B081JTZNRS","[10-Pack] Glass Meal Prep Containers with Lids-MCIRCO Food Storage Containers with Snap Locking Lids, Airtight Lunch Containers, Microwave, Oven, Freezer and Dishwasher","M MCIRCO","$39.99","6,004","74","$240,100","11/14/2019","$29.47","4.6","8,444","$10.52","3,303","6","FBA","3","Kitchen & Dining","Standard","9.84 x 7.4 x 15.86 in","13 oz","https://www.amazon.com/dp/B081JTZNRS"
"","","B082SN4QH6","AILTEC Glass Food Storage Containers with Lids, [18 Piece] Meal Prep Containers for Food Storage , BPA Free & Leak Proof (9 Lids & 9 Containers)","AILTEC","$29.59","5,574","230","$164,935","01/06/2020","$20.63","4.6","12,504","$8.96","687","7","FBA","1","Kitchen & Dining","Standard","7.4 x 8.6 x 14.9 in","13.5 oz","https://www.amazon.com/dp/B082SN4QH6"
"","","B07L51SFVS","Pyrex 1136614 imply Store Glass Food Storage Container Lid, 24 PC Set","Pyrex","$41.51","10,125","333","$420,289","12/04/2018","$26.16","4.7","25,331","$15.35","375","6","AMZ","6","Kitchen & Dining","Standard","6.67 x 13.5 x 13.5 in","12.25 lb","https://www.amazon.com/dp/B07L51SFVS"
"","","B0C332F863","Glass Food Container Set with Glass Lid, Large Size 3 Pack, Glass Food Storage Containers with Silicone Framed Glass Lid, Glass Food Containers with Airtight Lids, Leakproof, 100% Plastic Free","Urban Green","$39.99","945","29","$37,791","04/19/2023","$26.66","4.6","77","$13.33","9,587","7","FBA","1","Kitchen & Dining","Standard","8.46 x 3.46 x 10.13 in","6.31 lb","https://www.amazon.com/dp/B0C332F863"
"","","B0CGX8VM45","VERONES 5 Pack 36 OZ Glass Meal Prep Containers, Airtight Glass Lunch Containers Set, Glass Food Storage Containers with Lids,BPA-Free, for Microwave, Oven, Freezer & Dishwasher Friendly,Grey","VERONES","$27.99","1,595","49","$44,644","08/29/2023","$15.86","4.7","116","$12.13","5,323","7","FBA","1","Kitchen & Dining","Standard","6.5 x 3 x 8 in","8.51 lb","https://www.amazon.com/dp/B0CGX8VM45"
"","","B0C1S71XN2","VERONES 30 Pieces Glass Meal Prep Containers Set, Airtight Glass Lunch Containers, Stackable Glass Food Storage Containers with Lids, for Microwave, Oven, Freezer & Dishwasher Friendly,Gray","VERONES","$39.99","3,505","64","$140,165","04/06/2023","$23.66","4.5","478","$16.33","3,927","7","FBA","4","Kitchen & Dining","Standard","7.6 x 9 x 14.4 in","16.45 lb","https://www.amazon.com/dp/B0C1S71XN2"
"","","B07WRB77Q6","M MCIRCO 10-Pack Glass Food Storage Container with Lids, Airtight Glass Lunch Containers,No Leaking Glass Meal Prep Container,Microwave, Oven, Freezer and Dishwasher Friendly","M MCIRCO","$29.99","1,577","49","$47,294","08/18/2019","$16.96","4.6","3,574","$13.03","5,375","7","FBA","1","Kitchen & Dining","Standard","9 x 15.2 x 7 in","10.849 lb","https://www.amazon.com/dp/B07WRB77Q6"
"","","B073ZRS74L","Amazon Basics 20-Piece Glass Food Storage Containers, 10 Count of Bases and Plastic Lids, Transparent, Blue","Amazon Basics","$41.12","3,181","135","$130,803","11/09/2018","$21.45","4.5","36,563","$19.67","1,518","6","AMZ","5","Kitchen & Dining","Oversize","15.276 x 19.921 x 5.906 in","11.332 lb","https://www.amazon.com/dp/B073ZRS74L"
"","","B07Z9Y1677","M MCIRCO 24-Piece Glass Food Storage Containers with Upgraded Snap Locking Lids,Glass Meal Prep Containers Set - Airtight Lunch Containers, Microwave, Oven, Freezer and Dishwasher","M MCIRCO","$37.99","5,739","147","$218,025","10/18/2019","$23.46","4.6","13,502","$14.53","1,343","6","FBA","6","Kitchen & Dining","Standard","12 x 8 x 16 in","2.21 lb","https://www.amazon.com/dp/B07Z9Y1677"
"","","B0000BYCGF","Pyrex Simply Store 6-Pc Glass Food Storage Set with BPA-Free Lids, 7-Cup to 2-Cup Round Containers, Dishwasher, Microwave & Freezer Safe, Blue","Pyrex","$17.09","9,080","241","$155,177","06/26/2007","$7.99","4.7","12,955","$9.10","641","7","FBA","11","Kitchen & Dining","Standard","7.37 x 10 x 7.37 in","3.7 lb","https://www.amazon.com/dp/B0000BYCGF"
"","","B07XKW5LJ9","FineDine 12-Piece Superior Glass Food Storage Containers Set, 32oz Capacity - Newly Innovated Hinged Locking lids - 100% Leakproof Glass Meal-Prep Containers, Freezer-to-Oven-Safe (Grey)","FineDine","$21.49","1,440","48","$30,946","09/08/2019","$9.51","4.7","5,130","$11.98","5,431","7","FBA","1","Kitchen & Dining","Standard","9.5 x 14 x 7.5 in","8.699 lb","https://www.amazon.com/dp/B07XKW5LJ9"
"","","B088DKF329","2 LARGE 1200ML / 42 Oz Glass Food Storage Containers w/Airtight Lids - Microwave/Oven/Freezer & Dishwasher Safe - BPA/PVC Free + Leak Proof - Ideal for Baking & Storing food. Keeps Food Fresh longer","Razab","$23.99","512","12","$12,283","09/30/2019","$13.96","4.7","915","$10.03","22,784","6","FBA","1","Kitchen & Dining","Standard","7.83 x 7.17 x 8.62 in","2.62 lb","https://www.amazon.com/dp/B088DKF329"
"","","B0722CY615","FineDine Glass Meal Prep Containers with Lids - Set of 3 Square 28 Oz Containers - Airtight, Leakproof, Microwave & Dishwasher Safe - Perfect for Snacks, Dips, and Meal Prep (Pink)","FineDine","$19.25","1,261","20","$24,274","06/29/2017","$9.33","4.7","4,914","$9.92","13,583","4","FBA","1","Kitchen & Dining","Standard","9.213 x 12.047 x 6.535 in","4.211 lb","https://www.amazon.com/dp/B0722CY615"
"","","B0BW16XK9Y","Anchor Hocking 2 Cup Glass Storage Containers with Lids, Set of 4 Glass Food Storage Containers with Mint SnugFit Lids","Anchor Hocking","$19.99","5,996","127","$119,860","02/15/2023","$12.47","4.7","657","$7.52","1,648","7","AMZ","6","Kitchen & Dining","Standard","4.8 x 2.38 x 4.8 in","15.2 oz","https://www.amazon.com/dp/B0BW16XK9Y"
"","","B0CHJF8YM6","Skroam 5-Packs 36OZ Glass Food Storage Containers with Lids Airtight, Glass Meal Prep Container for Lunch, Pantry Organizers and Storage, Glass Lunch Boxes for Freezer to Oven Safe, Leak Proof","Skroam","$29.99","1,408","60","$42,226","09/06/2023","$17.56","4.4","78","$12.43","4,210","7","FBA","1","Kitchen & Dining","Standard","9.84 x 7.48 x 16.54 in","8.25 lb","https://www.amazon.com/dp/B0CHJF8YM6"
"","","B0C4SML7SY","Vtopmart Glass Food Storage Containers with Bamboo Lids, 4 Pack Meal Prep Glass Containers Bento Lunch Box, Safe for Microwave, Oven, Freezer and Dishwasher, BPA Free","Vtopmart","$24.99","669","28","$16,718","05/09/2023","$13.91","4.2","51","$11.08","9,964","7","FBA","2","Kitchen & Dining","Standard","5.8 x 2.6 x 7.8 in","6.27 lb","https://www.amazon.com/dp/B0C4SML7SY"
"","","B07SDBYYQ2","S SALIENT 18 Piece Glass Food Storage Containers with Lids, Meal Prep Containers for Food Storage, BPA Free & Leak Proof (9 lids & 9 Containers)","S SALIENT","$32.79","4,879","162","$159,982","05/27/2019","$24.10","4.5","13,099","$8.69","1,169","7","FBA","4","Kitchen & Dining","Standard","8.2 x 6.2 x 13.8 in","10.8 oz","https://www.amazon.com/dp/B07SDBYYQ2"
"","","B0BLPBD9GK","Pyrex Freshlock 14-Piece Mixed Size Glass Food Storage Meal Prep Container Set, Airtight & Leakproof With Locking Lids, For Lunch and Meal Prep, Microwave, Freezer & Dishwasher Safe","Pyrex","$44.99","6,166","173","$277,408","11/07/2022","","4.7","1,255","","1,058","7","AMZ","7","Kitchen & Dining","","","","https://www.amazon.com/dp/B0BLPBD9GK"
"","","B0C81LRZZW","KOMUEE 10 Packs Glass Meal Prep Containers with Lids, Glass Food Storage Containers Set, Airtight Lunch Containers, Microwave, Oven, Freezer and Dishwasher Friendly, Gray","KOMUEE","$29.99","1,412","38","$42,346","06/13/2023","$16.36","4.6","312","$13.63","7,079","7","FBA","2","Kitchen & Dining","Standard","6.5 x 3 x 8 in","12.1 lb","https://www.amazon.com/dp/B0C81LRZZW"
"","","B0BQ3BPT98","HOMBERKING Glass Food Storage Containers with Lids, [18 Piece] Meal Prep Containers, Airtight Lunch Bento Boxes (9 lids & 9 Containers) - White","HOMBERKING","$29.99","225","5","$6,748","12/13/2022","$17.86","4.7","414","$12.13","55,237","7","FBA","5","Kitchen & Dining","Standard","7.17 x 9.76 x 14.37 in","1.31 lb","https://www.amazon.com/dp/B0BQ3BPT98"
"","","B07GHJFRRB","Bayco 8 Pack Glass Food Storage , Meal Prep Containers, Airtight with Lids - BPA-Free & Leak Proof (8 lids & 8 Containers) 30oz","Bayco","$39.99","804","19","$32,152","08/14/2018","$30.45","4.7","5,792","$9.54","14,281","7","FBA","2","Kitchen & Dining","Standard","5.2 x 2.7 x 7.6 in","0.01 oz","https://www.amazon.com/dp/B07GHJFRRB"
"","","B0C1Z2NFRZ","HAKEEMI 10 Pack Glass Food Storage Containers with Lids, Airtight Meal Prep Containers, Glass Lunch Containers Built in Air Vents, Dishwasher Safe, Grey","HAKEEMI","$26.99","548","16","$14,791","04/09/2023","","4.6","182","","16,884","7","FBA","1","Kitchen & Dining","","","","https://www.amazon.com/dp/B0C1Z2NFRZ"
"","","B0CG1Q44MC","Skroam 10 Pack Glass Food Storage Containers with Lids, Glass Airtight Meal Prep Container Set for Lunch, on the Go, Leftover, Kitchen Pantry Organizers and Storage, BPA Free & Leak Proof","Skroam","$32.99","2,426","50","$80,034","08/17/2023","$19.21","4.4","219","$13.78","5,200","7","FBA","2","Kitchen & Dining","Standard","9.84 x 7.48 x 16.54 in","11.93 lb","https://www.amazon.com/dp/B0CG1Q44MC"
"","","B08514ZZ8G","8 Cups/ 63 Oz 4 Piece (2 containers + 2 Lids) Large Glass Storage/ Baking Containers with Locking Lids . Ideal for Storing food, vegetables or fruits. BPA Free & Leak Proof - Microwave, Oven Safe","Razab","$34.99","3,667","103","$128,308","09/30/2019","$23.31","4.7","2,858","$11.68","2,171","6","FBA","1","Kitchen & Dining","Standard","7.83 x 7.24 x 9.72 in","3.94 lb","https://www.amazon.com/dp/B08514ZZ8G"
"","","B087D6RB5Q","Zulay 5-Pack 36 oz BPA-Free Food Storage Containers with Lids, Extra Large, Clear, Borosilicate Glass, Stackable, Dishwasher Safe, Freezer Safe, Great for Kitchen Storage, To Go","Zulay Kitchen","$39.99","221","5","$8,838","09/01/2020","$28.20","4.8","1,709","$11.79","49,587","7","FBA","2","Kitchen & Dining","Standard","6.2 x 2.7 x 8.2 in","2.25 lb","https://www.amazon.com/dp/B087D6RB5Q"
"","","B07XJQYBDP","FineDine 6-Piece Superior Glass Food Storage Containers Set, 35oz Capacity - Newly Innovated Hinged Locking lids - 100% Leakproof Glass Meal-Prep Containers, Freezer-to-Oven-Safe (Grey)","FineDine","$24.75","297","11","$7,351","09/05/2019","$14.01","4.7","8,362","$10.74","25,379","7","FBA","1","Kitchen & Dining","Standard","8.7 x 9.2 x 6.6 in","5.201 lb","https://www.amazon.com/dp/B07XJQYBDP"