"Export time:  2/13/2024, 12:32:40 AM","","ASIN","Product Name","Brand","Price","Monthly Units Sold","Daily Units Sold","Monthly Revenue","Date First Available","Net Revenue","Star Rating","Reviews","Amazon Fees","BSR","LQS","Seller Type","Sellers","Category","Product Tier","Dimensions","Weight","Link"
"","","B0CBFXBRYM","4 Pack Stackable Closet Organizers and Storage Bins, Stackable Plastic Storage Basket, Plastic Storage Drawer Basket Shelf for Clothing Cupboard Kitchen Bathroom Bedroom Office (White)","HoneySky","$29.99","347","18","$10,407","07/07/2023","$18.16","4.3","44","$11.83","52,321","7","FBA","1","Home & Kitchen","Standard","13.78 x 3.54 x 17.72 in","7 lb","https://www.amazon.com/dp/B0CBFXBRYM"
"Stackable Plastic Storage Basket","","B0CHVY2W32","Wenqik 8 Pack Stackable Plastic Storage Basket Foldable Closet Organizers Closet Drawers White Shelf Organizer Bins Shelf Storage Container for Clothing Wardrobe Bathroom, 16.93 x 12.72 x 7.09 inch","Wenqik","$65.99","","","$0.00","09/11/2023","$46.96","","","$19.03","1,164,704","7","FBA","1","Home & Kitchen","Standard","12.72 x 7.09 x 16.93 in","12.07 lb","https://www.amazon.com/dp/B0CHVY2W32"
"Average Monthly Sales: 1,551","","B08P16KRQJ","Pinkpum Stackable Plastic Storage Basket-Foldable Closet Organizers and Storage Bins 4 Pack-Drawer Shelf Storage Container for Wardrobe Cupboard Kitchen Bathroom Office 4L","Pinkpum","$37.99","4,208","127","$159,862","11/22/2020","$24.66","4.4","2,335","$13.33","5,808","7","FBA","4","Home & Kitchen","Standard","5.1 x 16.5 x 12.6 in","6.65 lb","https://www.amazon.com/dp/B08P16KRQJ"
"Average Revenue: $53,049","","B09NHR1K73","Lyuwanxian 4-Pack Stackable Wire Baskets for Closet Organizers and Storage, Open Storage Bins for Clothes, Toys, and Snacks - Rustic Metal Closet Organizers and Storage Shelves in Black","Lyuwanxian","$35.99","419","10","$15,080","12/12/2021","$10.25","4.3","112","$25.74","87,353","7","FBA","1","Home & Kitchen","Oversize","12.68 x 28.78 x 11.5 in","7.41 lb","https://www.amazon.com/dp/B09NHR1K73"
"Average Price: $36.27","","B0CCNT33ZZ","AREYZIN Storage Bins Plastic Storage Baskets With Lid Small Baskets for Organizing Stackable Storage Container Organizer Bins for Shelves Drawers Desktop Playroom Classroom Office, 6 Pack,Black","AREYZIN","$26.99","3,021","96","$81,537","09/13/2023","","4.5","2,367","","8,323","6","FBA","1","Home & Kitchen","","","","https://www.amazon.com/dp/B0CCNT33ZZ"
"Average No. of Ratings: 1,208","","B0C8H8DHWX","VVoodeinck 4 Drawer Style Wardrobe Storage Boxes with Stackable Plastic Storage Basket Wardrobe Storage Box Kitchen Bathroom Bedroom Office Storage Box Layered Storage Box17*13*7IN","VVoodeinck","$25.99","256","8","$6,653","08/28/2023","$13.26","4.4","50","$12.73","113,752","6","FBA","1","Home & Kitchen","Standard","7.09 x 13.39 x 17.32 in","7.09 lb","https://www.amazon.com/dp/B0C8H8DHWX"
"Average Sales Rank: 123,511","","B0749FL8K4","Doryh Stackable Plastic Storage Baskets/Bins Organizer with Handles, Set of 4 (White, Grey)","Doryh","$19.99","116","2","$2,319","09/13/2017","$9.66","4.6","1,054","$10.33","391,426","5","FBA","1","Home & Kitchen","Standard","8.3 x 13.2 x 7.7 in","1.751 lb","https://www.amazon.com/dp/B0749FL8K4"
"Average Rating Number: 4.4","","B0BPHNYTHJ","Jakyitvi Stackable Closet Organizers and Storage Bins 4 Pack, Folded Drawer Shelf Organizer for Closet Wardrobe, Sturdy Metal Clothes Storage Container for Clothes Pants Sweaters, Black","Jakyitvi","$35.99","277","3","$9,969","12/07/2022","$22.81","4.1","67","$13.18","275,002","7","FBA","1","Home & Kitchen","Standard","12.91 x 4.72 x 17.24 in","8.66 lb","https://www.amazon.com/dp/B0BPHNYTHJ"
"","","B01DLPDOE4","Ggbin Plastic Storage Basket with Handles, Set of 3, 12' L x 8' W x 4' H","Ggbin","$17.99","27","2","$485.73","03/29/2016","$9.50","4.4","168","$8.49","388,985","5","FBA","1","Home & Kitchen","Standard","8 x 4 x 12 in","1.34 lb","https://www.amazon.com/dp/B01DLPDOE4"
"","","B0B825RMNF","CTSNSLH 4 Pack Folding Closet Organizers Storage Box, Stackable Plastic Drawer Basket for Clothing(White)","CTSNSLH","$37.99","3,562","90","$135,320","07/28/2022","","4.4","794","","8,985","7","FBA","6","Home & Kitchen","","","","https://www.amazon.com/dp/B0B825RMNF"
"","","B0C5MYDB66","Lifewit Plastic Stackable Storage Baskets, 4 Tier Stacking Bins for Closet Wardrobe, Playroom, Kitchen and Pantry Organization, Large Capacity Multi-Functional Stackable Storage Containers Shelves","Lifewit","$22.39","1,427","26","$31,951","08/03/2023","$-2.45","4.6","188","$24.84","35,653","7","FBA","3","Home & Kitchen","Oversize","11.8 x 28.3 x 13.8 in","4.68 lb","https://www.amazon.com/dp/B0C5MYDB66"
"","","B0BYMMTLL8","MVSRWLL Stackable Plastic Storage Basket Bin Shelf Box for Closet Wardrobe Organizer 4 Pack Foldable Clothes Drawer Storage Container for Cupboard Kitchen Bathroom Bedroom Office (White)(4L)","MVSRWLL","$29.99","347","15","$10,407","03/15/2023","$17.56","4.6","218","$12.43","61,217","6","FBA","2","Home & Kitchen","Standard","12.8 x 5.51 x 16.73 in","6.41 lb","https://www.amazon.com/dp/B0BYMMTLL8"
"","","B0CHVKCWS7","4 Pack Folding Closet Organizers Storage Box, Stackable Plastic Storage Basket, Closet Organizers and Storage Drawer Shelf Storage, Storage Container for Cupboard Kitchen Bathroom Bedroom (4L) White","caktraie","$28.99","810","27","$23,482","09/11/2023","$13.26","4.8","47","$15.73","34,316","6","FBA","1","Home & Kitchen","Standard","5 x 5 x 5 in","6.58 lb","https://www.amazon.com/dp/B0CHVKCWS7"
"","","B0C79K8S52","YouCopia ShelfBin Stacking Pantry Bins, 2-Pack, Stackable Storage Basket Organizers for Kitchen and Cabinet Organization","YouCopia","$23.43","142","3","$3,327","06/05/2023","$13.19","4.9","59","$10.24","72,576","6","AMZ","2","Kitchen & Dining","Standard","10 x 6.6 x 8.8 in","1.8 lb","https://www.amazon.com/dp/B0C79K8S52"
"","","B0C6PH2ZHX","4 Pack Sliding Closet Organizers and Storage, Stackable Closet Storage Shelves, Pull Out Clothes Storage Organizer Baskets/Containers/Drawers with Dividers for Wardrobe (Black-Sturdy Wire Metal Frame)","Hencawima","$39.99","381","11","$15,236","07/09/2023","$25.76","4.6","48","$14.23","82,635","7","FBA","1","Home & Kitchen","Standard","12.44 x 5.59 x 16.3 in","9.86 lb","https://www.amazon.com/dp/B0C6PH2ZHX"
"","","B0BVHN92RN","Proarea 4 Pack Stackable Plastic Storage Basket Closet Organizer Bin Foldable Clothes Organizer Storage Drawer Shelf Container for Living Room Bathroom Kitchen Office (4L)","Proarea","$39.99","1,074","41","$42,949","02/10/2023","$25.16","4.4","139","$14.83","22,255","7","FBA","2","Home & Kitchen","Standard","13.1 x 7.3 x 16.6 in","6.34 lb","https://www.amazon.com/dp/B0BVHN92RN"
"","","B0CJRKHT6X","Plastic Stackable Storage Bins 4 Tier, Large Capacity Multi-Functional Storage Containers Shelves for Organizing Food, Closet, Kitchen, Office, Bathroom, Playroom, Kitchen and Pantry Organization","DOMNIU","$32.99","448","12","$14,780","09/24/2023","$2.00","4.3","70","$30.99","22,951","7","FBA","2","Kitchen & Dining","Oversize","14 x 31 x 14.5 in","6.26 lb","https://www.amazon.com/dp/B0CJRKHT6X"
"","","B0CH8X6XCK","Plastic Storage Baskets With Bamboo Lid - Plastic Storage Containers Stackable Storage bins: Storage Baskets for Organizing Shelves Drawers Desktop Closet Playroom Classroom Office, 6 Pack","Ohmlove","$36.99","1,307","35","$48,346","10/12/2023","","4.7","79","","26,119","7","FBA","1","Home & Kitchen","","","","https://www.amazon.com/dp/B0CH8X6XCK"
"","","B08K3DP1D5","Minekkyes 3-Pack 30 L Plastic Stackable Collapsible Basket, Folding Storage Crate, White","Minekkyes","$33.55","30","1","$1,006","09/24/2020","$13.12","4.2","29","$20.43","137,550","5","FBA","1","Office Products","Oversize","13.42 x 10.2 x 17.44 in","6.49 lb","https://www.amazon.com/dp/B08K3DP1D5"
"","","B0CB6F3T5W","4 Tier Closet Organizers and Storage Shelves,Stackable Storage Bins for Closet, Collapsible Wire Organizer Basket Container Drawer with Dividers for Closet of Truck Camper RV,Pantries Cabinet Wardrobe","Cidaziya","$33.99","270","9","$9,177","07/04/2023","$5.05","4.3","26","$28.94","103,683","7","FBA","1","Home & Kitchen","Oversize","11.81 x 30.63 x 15.75 in","8.9 lb","https://www.amazon.com/dp/B0CB6F3T5W"
"","","B0CM677F1J","SYNCVIBE Stackable Plastic Storage Basket - Foldable Closet Organizers and Storage Box Bins Drawer Shelf Storage Container for Cupboard Wardrobe Kitchen Bathroom Office (4.5L)","SYNCVIBE","$45.99","120","4","$5,519","10/30/2023","$30.26","4.6","9","$15.73","195,823","7","FBA","1","Home & Kitchen","Standard","13 x 7.5 x 17 in","8.8 lb","https://www.amazon.com/dp/B0CM677F1J"
"","","B0CKNNCR4F","Plastic Storage Baskets with Lid - Plastic Storage Containers Stackable Storage bins: Storage Baskets for Organizing Shelves Drawers Desktop Closet Playroom Classroom Office, 8 Pack-Gray","Ohmlove","$49.99","1,008","104","$50,390","11/14/2023","","4.5","40","","7,514","7","FBA","1","Home & Kitchen","","","","https://www.amazon.com/dp/B0CKNNCR4F"
"","","B0C15X3S86","Simple Houseware Plastic Stackable Storage Basket Pantry Organizer, 6 Pack, White","Simple Houseware","$21.87","292","19","$6,386","03/30/2023","$12.16","4.5","58","$9.71","14,416","5","FBA","1","Kitchen & Dining","Standard","8.3 x 3.5 x 14.25 in","3.84 lb","https://www.amazon.com/dp/B0C15X3S86"
"","","B0CF9SQCWY","AVLA 4 Pack Stackable Plastic Storage Basket, Plastic Foldable Closet Organizer Storage Bins, Wardrobe Storage Box Clothes Drawer Shelf Container for Cupboard Bedroom Dorm Bathroom Kitchen Office","AVLA","$28.99","79","1","$2,290","08/09/2023","$16.41","3.8","4","$12.58","575,018","7","FBA","1","Home & Kitchen","Standard","12.91 x 5.98 x 17.87 in","6.23 lb","https://www.amazon.com/dp/B0CF9SQCWY"
"","","B08K9CP7FP","Skywin Plastic Stackable Storage Bins for Pantry - 4-Pack Black Stackable Bins For Organizing Food, Kitchen, and Bathroom Essentials","Skywin","$33.00","2,473","78","$81,609","06/22/2020","$20.12","4.3","4,111","$12.88","3,105","6","FBA","1","Kitchen & Dining","Standard","11.5 x 7 x 14.5 in","3.32 lb","https://www.amazon.com/dp/B08K9CP7FP"
"","","B0CKNBD9LP","Plastic Storage Baskets with Lid - Plastic Storage Containers Stackable Storage bins: Storage Baskets for Organizing Shelves Drawers Desktop Closet Playroom Classroom Office, 8 Pack-White","Ohmlove","$47.99","1,470","49","$70,545","11/14/2023","","4","26","","18,485","7","FBA","1","Home & Kitchen","","","","https://www.amazon.com/dp/B0CKNBD9LP"
"","","B07N4F67Z6","EZOWare 4pcs Lidded Storage Bins, Plastic Stackable Weaving Wicker Basket Containers set with Lid and Handle - Gray, 11x7.3x5.1 Inches","EZOWare","$23.99","194","5","$4,654","11/10/2021","$12.76","4.7","1,502","$11.23","160,003","7","FBA","1","Home & Kitchen","Standard","10.98 x 11.77 x 7.72 in","3.091 lb","https://www.amazon.com/dp/B07N4F67Z6"
"","","B07C8LFBRB","IRIS USA 6 Qt. Small Plastic Stacking Drawer, 4-Pack, Stackable Storage Organizer Unit with Sliding Drawer for Bedroom Kitchen Under Sink Pantry Craft Room Dorm Office, White","IRIS","$29.99","4,809","171","$144,222","03/20/2018","$9.33","4.5","7,608","$20.66","3,860","7","AMZ","7","Home & Kitchen","Oversize","13.81 x 11.25 x 17.81 in","5.2 lb","https://www.amazon.com/dp/B07C8LFBRB"
"","","B08B62SPSV","Titan Mall Plastic Stackable Storage Bins 4 Pack, Stacking Bins Open Front for Kicthen, Garage and Bathroom Cabinet Organizer for Fruit, Vegetable, Snack Organization Basket Grey (Made In USA)","Titan Mall","$32.99","335","10","$11,052","06/14/2020","$20.41","4.5","4,024","$12.58","27,073","7","FBA","1","Kitchen & Dining","Standard","15 x 7 x 10 in","2.7 lb","https://www.amazon.com/dp/B08B62SPSV"
"","","B07G95CS22","Saedy 4 Packs Plastic Baskets with Handle, Stackable Basket Organizer Bin, White","Saedy","$16.99","15","1","$254.85","08/06/2018","$-44.05","4.7","251","$61.04","158,751","5","FBA","1","Kitchen & Dining","Oversize","23.368 x 33.02 x 18.796 cm","1.55 lb","https://www.amazon.com/dp/B07G95CS22"
"","","B0946J6W2M","2 Set Stackable Wire Basket with Bamboo Top -Kitchen Counter, Pantry Organization and Storage - Cabinet, Shelf, Countertop Space Saving Organizing - Produce, Fruit, Onion, Potato, Bread Organizer Bin","AOZITA","$39.99","5,138","187","$205,469","05/04/2021","$26.06","4.7","2,494","$13.93","946","7","FBA","1","Kitchen & Dining","Standard","12.83 x 14.45 x 4.06 in","8.931 lb","https://www.amazon.com/dp/B0946J6W2M"
"","","B0C2YYNC8N","SEHERTIWY Stackable Closet Storage Baskets, 4 Packs Plastic Closet Organizers and Storage Containers Bins, Foldable Closet Shelf Drawers for Wardrobe Cupboard Kitchen Bathroom Office","SEHERTIWY","$24.44","60","2","$1,466","04/18/2023","","3.9","32","","332,146","6","FBA","1","Home & Kitchen","","","","https://www.amazon.com/dp/B0C2YYNC8N"
"","","B0BW8XHCJT","UAK 4 Pack Stackable Plastic Storage Basket for Closet Wardrobe Organizer and Storage Bin Sweater Drawer Shelf Storage Container for Cupboard Kitchen Bathroom Office Bedroom (4L)","UAK","$28.88","977","28","$28,216","02/19/2023","$16.02","4.1","154","$12.86","33,585","6","FBA","2","Home & Kitchen","Standard","13 x 7 x 16 in","6.46 lb","https://www.amazon.com/dp/B0BW8XHCJT"
"","","B0BW3FMHHD","MSHOMELY Stackable Plastic Storage Basket 4 Packs Stackable Closet Organizers Wardrobe Organizer and Storage Bins Folding Closet Organizer Storage Box Closet Shelf for Bathroom Kitchen Office, 4XL","MSHOMELY","$39.99","450","19","$17,996","02/16/2023","$19.35","4.6","124","$20.64","48,161","7","FBA","2","Home & Kitchen","Oversize","13 x 9.6 x 17 in","8.29 lb","https://www.amazon.com/dp/B0BW3FMHHD"
"","","B0CLKNQLP4","KEMETHY 6 Pack Fruit Storage Containers For Fridge With Removable Colanders, Airtight Storage Container, BPA-Free, Dishwasher & Microwave Safe, Keep Berry Fruit Vegetable Food Meat Fresh Longer","KEMETHY","$20.99","1,591","70","$33,395","10/21/2023","$11.41","4.7","70","$9.58","3,532","7","FBA","1","Kitchen & Dining","Standard","7 x 4.5 x 9 in","3.88 lb","https://www.amazon.com/dp/B0CLKNQLP4"
"","","B0BNKYX83H","Gsiekare 4 Pack Stackable Plastic Storage Bins with Lid, 18 Qt Foldable Closet Organizers, Storage Drawers for Clothes Toys","Gsiekare","$32.99","2,787","45","$91,943","11/28/2022","$20.11","3.8","717","$12.88","20,194","7","FBA","3","Home & Kitchen","Standard","10.63 x 6.18 x 17.4 in","1 lb","https://www.amazon.com/dp/B0BNKYX83H"
"","","B0CHVZLM3S","Wenqik 6 Pack Plastic Stackable Storage Bins for Organizing Stacking Bins Open Front Stacking Baskets Stackable Plastic Bins Organizer for Pantry Kitchen Bathroom Food Fruit Organization (Black)","Wenqik","$41.99","113","3","$4,745","09/11/2023","$28.06","4","1","$13.93","78,100","7","FBA","1","Kitchen & Dining","Standard","11.81 x 6.5 x 12.99 in","3.49 lb","https://www.amazon.com/dp/B0CHVZLM3S"
"","","B0C5D7HY79","2 Pcs 4 Tier Bathroom Cabinet Organizer, Pull Out Bathroom Storage Organizer Under Sink Storage Organizers with Dividers, Medicine Cabinet Organizer Pantry Organization and Cabinet Bathroom Storage","LIWAKA","$37.99","682","20","$25,909","06/15/2023","$24.06","4","171","$13.93","14,042","7","FBA","1","Kitchen & Dining","Standard","7.3 x 16.74 x 11 in","6.25 lb","https://www.amazon.com/dp/B0C5D7HY79"
"","","B097ZT71FD","YOUEON Set of 4 Stackable Storage Bins Open Front, Storage Containers for Organizing Food Snacks Toys Toiletries, Plastic Organizer Bins Multiuse for Kitchen, Bathroom, Pantry, Beige","Youeon","$34.99","45","1","$1,575","06/25/2021","$15.86","4.2","60","$19.13","138,457","6","FBA","1","Kitchen & Dining","Oversize","11.74 x 14.93 x 10.95 in","3.38 lb","https://www.amazon.com/dp/B097ZT71FD"
"","","B0B6VY189X","4 Tier Closet Organizers and Storage Shelves,Stackable Storage Bins Organizer Baskets Containers Drawers with Dividers for Truck Camper Closet RV Closet Pantries Cabinet Wardrobe, Sturdy Metal Frame","Cidaziya","$35.99","483","13","$17,383","09/24/2022","$6.45","4.3","212","$29.54","73,564","7","FBA","1","Home & Kitchen","Oversize","11.81 x 30.63 x 15.75 in","8.91 lb","https://www.amazon.com/dp/B0B6VY189X"
"","","B0BK243R2R","Set Of 12 Refrigerator Organizer Bins with Lids - Plastic Pantry Organization and Storage Baskets - Stackable Food Fridge Organizers with Cutout Handles for Freezer, Kitchen, Countertops, Cabinets","Seseno","$28.99","2,499","72","$72,446","10/20/2022","","4.6","930","","3,423","6","FBA","1","Kitchen & Dining","","","","https://www.amazon.com/dp/B0BK243R2R"
"","","B0CC4P4HC3","Ohmlove 4 Pack Bamboo Lid Storage Bins - Stackable Plastic Containers for Organizing Desktop, Closet, Playroom, Classroom, Office, White","Ohmlove","$27.19","1,093","33","$29,719","08/14/2023","","4.4","120","","27,939","7","FBA","1","Home & Kitchen","","","","https://www.amazon.com/dp/B0CC4P4HC3"
"","","B09GFJN27K","Lifewit 25 PCS Drawer Organizer Set Clear Plastic Desk Drawer Dividers Trays Dresser Storage Bins Separation Box for Makeup, Jewelries and Gadgets, Bedroom, Bathroom, Office","Lifewit","$19.99","3,828","115","$76,522","09/15/2021","$12.45","4.6","8,777","$7.54","6,628","6","FBA","1","Home & Kitchen","Standard","3 x 3 x 2.1 in","1 lb","https://www.amazon.com/dp/B09GFJN27K"
"","","B0C1ZHXJHF","[ 8 Pack ] Plastic Storage Baskets With Lids, Small Pantry Organization, Stackable Storage Bins, Household Organizers for Cabinets, Countertop, Drawers, Under Sink or On Shelves,Gray","NETANY","$20.99","1,086","37","$22,795","04/09/2023","","4.5","285","","7,383","7","FBA","1","Kitchen & Dining","","","","https://www.amazon.com/dp/B0C1ZHXJHF"
"","","B0BYDQD9YZ","AOSION 4 Pack Stackable Plastic Storage Basket with Free Hanging Closet Organizer Foldable Clothes Storage Bin Drawer Shelf Container for Living Room Bathroom Kitchen (WHITE)","AOSION","$30.99","30","1","$929.70","03/13/2023","$-1.45","4.3","25","$32.44","528,357","7","FBA","1","Home & Kitchen","Oversize","17.7 x 28.4 x 14 in","7.09 lb","https://www.amazon.com/dp/B0BYDQD9YZ"
"","","B0CH38K12T","Stackable Plastic Storage Basket for Closet Drawers 5 Packs Clothes Shelf Stackable Storage Contaienrs Folding Closet Organziers and Storage Bins for Wardrobe Cupboard Kitchen Bathroom Office","ZHAIXIAONIAN","$32.99","123","2","$4,058","08/31/2023","$19.21","4","11","$13.78","342,134","7","FBA","1","Home & Kitchen","Standard","13 x 7.3 x 17 in","8.58 lb","https://www.amazon.com/dp/B0CH38K12T"
"","","B0825RK3QX","Anbers Black Plastic Storage Baskets, Stackable Office Organizer Trays, 6 Packs","Anbers","$20.55","30","1","$616.50","11/28/2019","$9.84","4.7","34","$10.71","665,512","5","FBA","1","Home & Kitchen","Standard","10.669 x 16.063 x 5.866 in","2.822 lb","https://www.amazon.com/dp/B0825RK3QX"
"","","B09GW5ZXWR","CLEARSPACE Plastic Storage Bins With lids  Perfect Kitchen Organization or Pantry Storage  Fridge Organizer, Pantry Organization and Storage Bins, Cabinet Organizers - 4 Pack","ClearSpace","$39.99","4,047","67","$161,840","04/17/2022","$26.36","4.7","1,243","$13.63","3,720","6","FBA","3","Kitchen & Dining","Standard","11.3 x 11.73 x 7.99 in","5.95 lb","https://www.amazon.com/dp/B09GW5ZXWR"
"","","B0CL9NDKLQ","AHEONLAR 4 Tier Plastic Storage Bins with Drawers - Foldable Stackable Storage Bins with Lids - Closet Craft Organizers and Storage - 24QT Plastic Drawer Storage for Bedroom Study Toy Room Office","AHEONLAR","$33.99","3,538","92","$120,257","10/17/2023","$16.15","4","152","$17.84","8,733","7","FBA","1","Home & Kitchen","Oversize","11.2 x 8.7 x 15.6 in","7.61 lb","https://www.amazon.com/dp/B0CL9NDKLQ"
"","","B0C95298W2","Skywin Plastic Stackable Storage Bins for Pantry - 4-Pack Small Open Front Storage Bins For Toy Organizers and Storage Bins For Pantry, Kitchen, and Bathroom Essentials (White)","Skywin","$18.94","211","8","$3,996","08/21/2023","$10.25","4","42","$8.69","34,761","7","FBA","1","Kitchen & Dining","Standard","7 x 4.5 x 10 in","1.35 lb","https://www.amazon.com/dp/B0C95298W2"
"","","B0C64YB41T","Stackable Plastic Storage Basket, Closet Organizers and Storage Bins, 4 Pack Foldable Clothes Drawer Storage Container for Wardorbe Cupboard Kitchen Bathroom Bedroom Office (White-4L)","submatches","$29.99","30","1","$899.70","05/23/2023","$-0.17","4.4","31","$30.16","586,219","6","FBA","1","Home & Kitchen","Oversize","12.8 x 16.8 x 28.8 in","6.49 lb","https://www.amazon.com/dp/B0C64YB41T"
"","","B0BBSNSFFL","Skywin Plastic Stackable Storage Bins for Pantry - Stackable Bins For Organizing Food, Kitchen, and Bathroom Essentials (Black - 8 Pack)","Skywin","$62.07","157","7","$9,745","08/23/2022","$44.83","4.3","49","$17.24","38,989","6","FBA","1","Kitchen & Dining","Standard","11.5 x 7 x 14.5 in","8.48 lb","https://www.amazon.com/dp/B0BBSNSFFL"
"","","B0CCNRP5R1","White Plastic Storage Baskets/Bins, 12-Pack Stackable Basket Pantry Organizer, Household Organizers for Bathrooms, Kitchens, Shelves, Classroom, Cabinets, Countertops and Bedrooms","YYQX","$24.99","132","5","$3,299","07/23/2023","$-62.55","4.5","12","$87.54","54,291","6","FBA","1","Kitchen & Dining","Oversize","26.01 x 41.605 x 20.091 cm","4.16 lb","https://www.amazon.com/dp/B0CCNRP5R1"
"","","B00CQGTGZQ","IRIS USA 12 Quart Stackable Plastic Storage Bins with Lids and Latching Buckles, 6 Pack - Clear, Containers with Lids and Latches, Durable Nestable Closet, Garage, Totes, Tubs Boxes Organizing","IRIS","$34.99","25,934","855","$907,431","04/28/2013","$12.06","4","26,454","$22.93","239","7","AMZ","9","Home & Kitchen","Oversize","16.457 x 16.85 x 11.654 in","8.422 lb","https://www.amazon.com/dp/B00CQGTGZQ"
"","","B0BVGH92FP","Munfix Set Of 16 Refrigerator Organizer Bins - Plastic Pantry Organization and Storage Baskets - Stackable Food Fridge Organizers with Cutout Handles for Freezer, Kitchen, Countertops, Cabinets","Munfix","$35.99","3,044","88","$109,554","02/11/2023","$22.51","4.8","715","$13.48","2,667","6","FBA","1","Kitchen & Dining","Standard","6.7 x 3.2 x 10.7 in","9.85 lb","https://www.amazon.com/dp/B0BVGH92FP"
"","","B0C2K9CZG9","Pafino 6 Pack Plastic Storage Baskets - Small Pantry Organizer Bins Stackable Basket Household Organizers for Kitchen, Shelves, Countertops, Desktops, Cabinets, Bedrooms and Bathrooms (White-6pcs)","Pafino","$20.99","1,405","43","$29,491","04/14/2023","$12.05","4.7","494","$8.94","6,254","7","FBA","1","Kitchen & Dining","Standard","11 x 5 x 6.9 in","1.91 lb","https://www.amazon.com/dp/B0C2K9CZG9"
"","","B002VK9AR6","Akro-Mils 30240 AkroBins Plastic Hanging Stackable Storage Organizer Bin, 15-Inch x 8-Inch x 7-Inch, Clear, 12-Pack","Akro-Mils","$141.48","361","11","$51,074","10/01/2001","$112.93","4.6","474","$28.55","33,389","7","AMZ","5","Tools & Home Improvement","Standard","8.25 x 7 x 14.75 in","1.9 lb","https://www.amazon.com/dp/B002VK9AR6"
"","","B09Y3B4Y7H","KITCSTI Storage Basket for Organizing Fabric Storage Bins 16'x12'x10' Foldable Organizer Bins with Handle Large Storage Basket for Shelves Closet Toys Books (White & Grey, Pack of 3)","KITCSTI","$29.99","480","13","$14,395","04/16/2022","$19.06","4.7","846","$10.93","69,914","6","FBA","1","Home & Kitchen","Standard","10 x 2.5 x 16 in","3.4 lb","https://www.amazon.com/dp/B09Y3B4Y7H"
"","","B0C2PKM5WH","GRANNY SAYS Storage Bins with Metal Frame, Fabric Foldable Closet Organizers, Closet Storage Bins for Organization, Shelves Baskets, Large, Collapsible Storage Box, Large, Gray&White, 2-Pack","GRANNY SAYS","$19.99","2,167","67","$43,318","07/09/2023","","4.7","1,350","","12,964","6","FBA","1","Home & Kitchen","","","","https://www.amazon.com/dp/B0C2PKM5WH"
"","","B002VK79ME","Akro-Mils 30260 AkroBins Plastic Storage Bin Hanging Stacking Containers, (18-Inch x 11-Inch x 10-Inch), Red, (6-Pack)","Akro-Mils","$145.44","113","4","$16,435","10/01/2001","$109.36","4.6","69","$36.08","89,687","7","AMZ","6","Tools & Home Improvement","Oversize","11 x 10 x 18 in","3 lb","https://www.amazon.com/dp/B002VK79ME"
"","","B002VK781Q","Akro-Mils 30224 AkroBins Plastic Hanging Stackable Storage Organizer Bin, 11-Inch x 4-Inch x 4-Inch, Yellow, 12-Pack","Akro-Mils","$64.86","1,184","40","$76,794","10/01/2001","$51.36","4.7","813","$13.50","8,579","7","AMZ","5","Tools & Home Improvement","Standard","4.12 x 4 x 10.87 in","6.4 oz","https://www.amazon.com/dp/B002VK781Q"