"Export time:  1/29/2024, 5:38:04 PM","","ASIN","Product Name","Brand","Price","Monthly Units Sold","Daily Units Sold","Monthly Revenue","Date First Available","Net Revenue","Star Rating","Reviews","Amazon Fees","BSR","LQS","Seller Type","Sellers","Category","Product Tier","Dimensions","Weight","Link"
"","","B096BLP9T9","Lwenki Mail Organizer for Wall Mount  Key Holder with Shelf Includes Letter Holder and Hooks for Coats, Dog Leashes  Rustic Wood with Flush Mounting Hardware (16.5 x 8.7 x 3.5)","Lwenki","$25.99","1,762","56","$45,794","05/31/2021","$15.66","4.7","2,129","$10.33","15,833","6","FBA","1","Home & Kitchen","Standard","3.6 x 8.2 x 16.5 in","1 lb","https://www.amazon.com/dp/B096BLP9T9"
"mail holder for wall","","B0CHZBD8Z1","Mail and Key Organizer for Wall - Bill Holder for Wall - Hanging Mail Holder - Mail Organizer Wall Mount - Hanging Mail Organizer - Letter Holder for Wall - Mail Holder with Hooks - Mail Organizer","Generic","$19.99","30","2","$599.70","09/30/2023","$13.45","","","$6.54","382,998","7","FBA","1","Home & Kitchen","Standard","1 x 3.7 x 7 in","4.65 oz","https://www.amazon.com/dp/B0CHZBD8Z1"
"Average Monthly Sales: 694","","B0CBV13VC6","PAG Wall File Organizer for Office, 3-Tier Rustic Hanging File holder Wall Storage Rack for Documents/Magazine/Literature/File Folders/Mails/Envelopes, Brown","PAG","$19.99","340","11","$6,797","07/13/2023","$11.20","4.5","47","$8.79","21,243","6","FBA","1","Office Products","Standard","3.93 x 7.48 x 13 in","2.86 lb","https://www.amazon.com/dp/B0CBV13VC6"
"Average Revenue: $13,517","","B0BBKR8913","Acrylic Brochure Holder Wall Mount Rack Acrylic Magazine Holder Literature Display Clear Pamphlet Display Holder Plastic Flyer Multi Pocket Wall Mount Slots for Office Classroom Home, 2 Sizes Pockets","Eersida","$50.99","78","2","$3,977","08/22/2022","$32.50","4.3","10","$18.49","103,221","6","FBA","1","Office Products","Oversize","19 x 2 x 21 in","3.79 lb","https://www.amazon.com/dp/B0BBKR8913"
"Average Price: $24.10","","B09YQD2M2P","Dhmkfly Key and Mail Holder for Wall, 2-Slot Mail Organizer with 3 Key Hooks, Key Hangers Wall Mount Rustic Wooden Wall Organizers for Letter Magazines Keys","Dhmkfly","$27.99","268","8","$7,501","04/23/2022","$10.67","4.5","119","$17.32","116,953","6","FBA","2","Home & Kitchen","Oversize","5.1 x 16.5 x 18.3 in","1.9 lb","https://www.amazon.com/dp/B09YQD2M2P"
"Average No. of Ratings: 1,164","","B093BD5PRL","3 Pack - SimpleHouseware Grid Single Pocket Wall Mount File Holder, Black","Simple Houseware","$19.87","329","10","$6,537","01/26/2022","$11.10","4.5","260","$8.77","24,086","5","FBA","1","Office Products","Standard","13.5 x 8 x 3.6 in","2.7 lb","https://www.amazon.com/dp/B093BD5PRL"
"Average Sales Rank: 73,296","","B0B715XDG1","FifthQuarter Key and Mail Holder for Wall, Mail Organizer Wall Mount with 6 Hooks and Storage Drawer, Easy Installation Key Rack for Entryway and Home Decor (A-White)","FifthQuarter","$19.99","4,038","118","$80,720","11/30/2022","$11.20","4.7","824","$8.79","6,385","7","FBA","1","Home & Kitchen","Standard","7.68 x 3.82 x 12.95 in","1 lb","https://www.amazon.com/dp/B0B715XDG1"
"Average Rating Number: 4.6","","B073HHYBX8","mDesign Mail Organizer Wall Mount 2-Tier Steel Rack with 5 Hooks, Modern White, Adjustable Easy Install","mDesign","$18.69","67","4","$1,252","06/28/2017","$10.75","4.5","508","$7.94","198,413","7","FBA","1","Home & Kitchen","Standard","2.5 x 10.5 x 10.5 in","1.6 lb","https://www.amazon.com/dp/B073HHYBX8"
"","","B07V2BVR2D","MyGift Wall Mounted Vintage Gray Wood Hanging Key and Mail Holder Rack Floating Display Shelf, Entryway Storage Shelf with 4 Metal Key Hooks","MyGift","$15.99","246","10","$3,934","11/09/2019","$9.82","4.4","3,323","$6.17","92,354","6","FBA","1","Home & Kitchen","Standard","3.8 x 10.9 x 3.3 in","0.65 lb","https://www.amazon.com/dp/B07V2BVR2D"
"","","B07VZSM3QB","MyGift Whitewashed Wood Entryway Wall Rack for Key and Mail Organizer Holder with 6 Hooks and Decorative Mason Jar Vase","MyGift","$29.99","59","2","$1,769","07/30/2019","$18.76","4.8","201","$11.23","374,354","6","FBA","1","Home & Kitchen","Standard","3.93 x 15.74 x 11.02 in","2 lb","https://www.amazon.com/dp/B07VZSM3QB"
"","","B0748YBG68","mDesign Wall Mount Metal Entryway Storage Organizer Mail Sorter Basket with 5 Hooks - Letter, Magazine, Coat, Leash and Key Holder for Entryway, Mudroom, Hallway, Kitchen, Office - Satin","mDesign","$12.79","394","13","$5,039","07/25/2017","$7.10","4.7","11,509","$5.69","68,797","7","FBA","1","Home & Kitchen","Standard","11.12 x 4.75 x 2.75 in","0.71 lb","https://www.amazon.com/dp/B0748YBG68"
"","","B07NTF5N9Q","Umbra Picket Rail Hook","Umbra","$23.99","790","27","$18,952","02/28/2019","$11.46","4.8","708","$12.53","34,928","5","AMZ","20","Home & Kitchen","Standard","6.49 x 1.73 x 14.6 in","0.6 kg","https://www.amazon.com/dp/B07NTF5N9Q"
"","","B0CPCG8BNG","fanado Wooden Key Holder Wall Mount, Key and Mail Holder with Drawer, Mail Organizer and Key Hooks with Shelf for Home House Living Room Decor (White)","fanado","$14.99","325","13","$4,872","12/02/2023","$6.95","4.8","5","$8.04","72,249","7","FBA","1","Home & Kitchen","Standard","7.1 x 2.7 x 12.2 in","2.4 lb","https://www.amazon.com/dp/B0CPCG8BNG"
"","","B0BBM3ZJ4F","Lwenki Mail Organizer for Wall Mount  Key Holder with Shelf Includes Letter Holder and Hooks for Hallway Farmhouse Decor  Rustic Wood with Flush Mounting Hardware (16.5 x 9.1 x 3.4) (White)","Lwenki","$24.99","1,364","65","$34,086","08/22/2022","$14.66","4.7","593","$10.33","13,392","7","FBA","2","Home & Kitchen","Standard","3.6 x 8.2 x 16.5 in","1 lb","https://www.amazon.com/dp/B0BBM3ZJ4F"
"","","B097DP8SSD","MOOACE Mail Organizer Wall Mount with Key Hooks, 2-Slot Wooden Mail and Key Holder for Wall Decorative, File Letter Hanging Organizer Shelf Home Farmhouse Decor for Entryway Office","MOOACE","$21.99","371","7","$8,158","06/16/2021","$12.29","4.6","811","$9.70","34,775","7","FBA","2","Office Products","Standard","10 x 3.5 x 16 in","1 lb","https://www.amazon.com/dp/B097DP8SSD"
"","","B0C61P1MRX","Cociat Acrylic Mail Holder for Wall Clear Hanging 6.6x2.2 Inch Mail Organizer Wall Mounted File Holder","Cociat","$9.99","205","8","$2,048","05/22/2023","$3.97","4.7","14","$6.02","29,846","7","FBA","1","Office Products","Standard","6.5 x 2.24 x 6.57 in","13 oz","https://www.amazon.com/dp/B0C61P1MRX"
"","","B0C3ZJ9JFS","Ctosree 6 Pcs Magnetic File Holder 3 Size Magnetic Pen Holder Refrigerator Magnet Organizer Wall Fridge Pockets Planners Mail Storage Case Pencil Cup for Metal Cabinet Lockers (White)","Ctosree","$17.99","68","1","$1,223","04/30/2023","$9.50","5","5","$8.49","115,113","7","FBA","1","Office Products","Standard","10.67 x 1.81 x 16.02 in","2.18 lb","https://www.amazon.com/dp/B0C3ZJ9JFS"
"","","B0B57BQHJL","Richboom Acrylic Mail Holder, Envelope Holder for Desk Countertop Letter Holder for Home Office School (1 Section Clear)","Richboom","$9.99","240","6","$2,398","06/26/2022","$4.72","4.8","91","$5.27","37,909","6","FBA","1","Office Products","Standard","4.21 x 2.83 x 6.34 in","8.1 oz","https://www.amazon.com/dp/B0B57BQHJL"
"","","B071W67X3B","MyGift Wall Mounted Solid Torched Wood 2 Slot Mail and Key Holder Organizer Entryway Rack with Chalkboard Surface and 3 Hooks","MyGift","$24.99","30","1","$749.70","05/30/2017","$15.45","4.5","688","$9.54","156,724","6","FBA","1","Office Products","Standard","2.55 x 16.73 x 8.07 in","1.38 lb","https://www.amazon.com/dp/B071W67X3B"
"","","B0C2XR9XCJ","OHOBABY Key Holder for Wall - Key Rack with 5 Key Hooks, 11.02' L2.75' W4.92' H, Key and Mail Organizer Wall Mount with Mesh Basket, Key Hanger for Wall, Entryway, Home Decor(Matte Black)","OHOBABY","$12.99","746","24","$9,691","05/29/2023","$5.25","4.7","325","$7.74","39,811","7","FBA","1","Home & Kitchen","Standard","2.75 x 4.92 x 11.02 in","0.43 kg","https://www.amazon.com/dp/B0C2XR9XCJ"
"","","B07JZXQ7YH","MyGift Wood Key and Mail Holder for Wall Mounted Entryway Organizer with 2 Compartments, 4 Dual Hooks and Vintage Postcard Design","MyGift","$24.99","68","2","$1,699","10/29/2018","$14.81","4.7","1,278","$10.18","80,823","6","FBA","1","Office Products","Standard","4.03 x 10.23 x 11.81 in","1.94 lb","https://www.amazon.com/dp/B07JZXQ7YH"
"","","B0BXNVDKJH","HappyHapi Key Holder for Wall Decorative, 10.5''Lx2.4''Wx4.8''H Mail Organizer Key Holder Wall Mount with 5 Key Hooks, Metal Wire Mesh Basket Mail Holder Key Rack, Key Hanger for Entryway, Hallway","HappyHapi","$8.99","272","5","$2,445","03/06/2023","$2.50","4.7","78","$6.49","157,200","6","FBA","1","Home & Kitchen","Standard","2.44 x 4.84 x 10.47 in","1 lb","https://www.amazon.com/dp/B0BXNVDKJH"
"","","B0C7GRTZ4F","DRASTAR Mail Organizer, Mail Holder with 2 Slots, Mail Basket for Wall Table Countertop, Wood Desk Mail Organizer, Black Envelope Holder for Home Office","DRASTAR","$18.98","805","38","$15,279","07/23/2023","$10.99","4.8","46","$7.99","6,543","6","FBA","1","Office Products","Standard","4 x 4 x 11 in","1.19 lb","https://www.amazon.com/dp/B0C7GRTZ4F"
"","","B0CKWW6WL8","Carmanon Acrylic Magnetic File Holder, Clear Mail Holder Wall Mount with Powerful Magnetism, Hanging Wall Magazine Organizer for Refrigerator, Whiteboard, Ofiice (2 Pack)","","$24.99","120","4","$2,999","11/09/2023","","4.8","22","","52,475","","FBA","","Office Products","","","","https://www.amazon.com/dp/B0CKWW6WL8"
"","","B0BNBPCJ69","HIIMIEI Magnetic File Holder, 2 Pack Mail Magazines Organizer Wall Mount, Acrylic Hanging Wall File Organizer for Cabinets, Whiteboard, Refrigerator (Clear)","HIIMIEI","$24.99","200","6","$4,998","11/24/2022","$16.10","4.4","89","$8.89","37,539","7","FBA","2","Office Products","Standard","9.61 x 2.05 x 10.63 in","1.94 lb","https://www.amazon.com/dp/B0BNBPCJ69"
"","","B00R1KQI8A","Designstyles Three Tier Wall File Holder  Durable Black Metal Rack with Spacious Slots for Easy Organization, Mounts on Wall and Door for Office, Home, and Work","Designstyles","$34.99","172","6","$6,018","12/14/2014","$17.38","4.7","1,768","$17.61","37,882","7","FBA","2","Office Products","Oversize","9.75 x 38.5 x 3.5 in","3.62 lb","https://www.amazon.com/dp/B00R1KQI8A"
"","","B0CDLPLL5X","Barydat 3 Pcs Clear Acrylic Wall File Holder Wall Mount File Holder Hanging Acrylic Wall Pocket Wall File Organizer with Screw Nut Accessories for Document Magazines Folder Brochure Office Storage","Barydat","$39.99","","","$0.00","08/02/2023","$26.36","1","1","$13.63","310,493","7","FBA","1","Office Products","Standard","12.32 x 5.98 x 14.25 in","5.77 lb","https://www.amazon.com/dp/B0CDLPLL5X"
"","","B09989FH4Q","YOHOM No Drilling File Holder Wall Mails Magazines Organizer Adhesive Door Mount, Single Pocket, Off-white","YOHOM","$13.99","1,220","46","$17,068","07/12/2021","$8.12","4.6","639","$5.87","5,282","6","FBA","1","Office Products","Standard","2.6 x 5.98 x 10.2 in","10.8 oz","https://www.amazon.com/dp/B09989FH4Q"
"","","B0BGLJRT3G","Rebee Vision Decorative Key and Mail Holder for Wall: Farmhouse Wall Mount Sorter with Storage Basket and 6 Retro Key Hooks - Wooden Mail Holder for Office, Appartment, Home Decor (Modern Black)","Rebee Vision","$24.98","355","11","$8,868","09/26/2022","$15.44","4.5","182","$9.54","84,211","7","FBA","1","Home & Kitchen","Standard","4 x 6.7 x 13 in","2.31 lb","https://www.amazon.com/dp/B0BGLJRT3G"
"","","B07SYNVVQN","Dahey Wall Mounted Mail Holder Wooden Key Holder Rack Mail Sorter Organizer with 4 Double Key Hooks and A Floating Shelf Rustic Home Decor for Entryway or Mudroom,15.7' W x9.3 Hx3.2 D, Brown","Dahey","$23.99","937","31","$22,479","08/04/2019","$13.36","4.7","6,332","$10.63","30,543","6","FBA","1","Home & Kitchen","Standard","10.55 x 17.13 x 3.9 in","2.251 lb","https://www.amazon.com/dp/B07SYNVVQN"
"","","B08XZLXTX1","FIRADE Wood Magazine Wall Rack with PE Rattan Grid,Size 17.3' x 4' x 9.4',File Holder for Entryway,Living Room,Waiting Room,Kids Room,Office","FRIADE","$33.00","106","5","$3,498","04/02/2021","$22.26","4.3","85","$10.74","183,052","6","FBA","3","Home & Kitchen","Standard","7.835 x 17.717 x 2.402 in","2.139 lb","https://www.amazon.com/dp/B08XZLXTX1"
"","","B08PCVLV6B","Mail Holder for Wall, Wooden Mail Sorter with 4 Key Hooks, 2-Slot Wall Mounted Mail Sorter Letter Bills Newspaper Magazine Organizer for Entryroom Hallway Office Garage, Rustic Brown","BTY","$21.99","196","12","$4,310","11/30/2020","$9.86","4.5","302","$12.13","19,248","7","FBA","2","Office Products","Standard","10.67 x 4.02 x 16.69 in","1 kg","https://www.amazon.com/dp/B08PCVLV6B"
"","","B0BKSP4QPV","Key Holder for Wall, Mail Organizer Wall Mount with Key Hooks and Wallet Holder, Sunglasses Storage and Dog Leash Holder, Wall Decorative with 4 Double Hooks and Chalkboard","WEWEOW","$34.99","1,133","40","$39,644","10/27/2022","$23.31","4.5","240","$11.68","22,975","7","FBA","4","Home & Kitchen","Standard","10.2 x 3.3 x 15.7 in","3.31 lb","https://www.amazon.com/dp/B0BKSP4QPV"
"","","B09ZRT5QPG","Lwenki Key Holder for Wall, Decorative Key and Mail Holder with Shelf Has Large Hooks for Bags, Coats, Umbrella  Paulownia Wood Key Hanger with Mounting Hardware (9.8W x 6.7H x 4.2D)","Lwenki","$12.99","9,214","390","$119,690","05/06/2022","$6.52","4.6","2,519","$6.47","1,058","6","FBA","2","Home & Kitchen","Standard","4.2 x 6.7 x 9.8 in","16 oz","https://www.amazon.com/dp/B09ZRT5QPG"
"","","B08HSSRSCJ","Simple Houseware Clear Single Pocket Wall Mount File Holder","Simple Houseware","$9.97","2,508","65","$25,005","09/09/2020","$4.70","4.7","4,814","$5.27","3,611","5","FBA","1","Office Products","Standard","14 x 6.75 x 3.38 in","10.2 oz","https://www.amazon.com/dp/B08HSSRSCJ"
"","","B07KPRNCBS","SRIWATANA Mail Organizer Wall Mount, Rustic Mail Holder Key Holder for Wall with Hooks, Small Size, Carbonized Black","SRIWATANA","$9.99","596","24","$5,954","12/09/2018","$4.72","4.5","5,627","$5.27","10,456","6","FBA","1","Office Products","Standard","4.8 x 10.1 x 2.6 in","0.701 lb","https://www.amazon.com/dp/B07KPRNCBS"
"","","B07JZY1DSQ","Barnyard Designs Wall Envelope Mail Sign Decor Rustic Vintage Decorative Mail Holder for Home and Office Decor 12 x 8.25","Barnyard Designs","$19.95","90","3","$1,796","10/29/2018","$13.67","4.7","150","$6.28","63,562","6","FBA","1","Office Products","Standard","0.59 x 8.39 x 12.01 in","0.75 lb","https://www.amazon.com/dp/B07JZY1DSQ"
"","","B07VLYMXWQ","PAG Wall File Holder Hanging Mail Organizer Metal Chicken Wire Wall Mount Magazine Rack, 3-Tier, Black","PAG","$18.99","297","10","$5,640","03/11/2018","$9.41","4.7","3,083","$9.58","22,777","7","FBA","1","Office Products","Standard","3.74 x 11.61 x 13.39 in","1.97 lb","https://www.amazon.com/dp/B07VLYMXWQ"
"","","B08TBSC8PM","Key and Mail Holder for Wall Decorative - Rustic Mail Organizer Wall Mount, Wooden Letter Sorter Organizer with 4 Key Rack Hooks for Hallway Kitchen Farmhouse Decor (16.5 x 9.1 x 3.4) (Brown)","Lucundm","$22.99","218","6","$5,012","01/18/2021","$13.11","4.6","481","$9.88","144,518","7","FBA","1","Home & Kitchen","Standard","3.4 x 9.1 x 16.5 in","1.58 lb","https://www.amazon.com/dp/B08TBSC8PM"
"","","B0BGPF491C","Rebee Vision Farmhouse Key and Mail Holder for Wall with Shelf : Decorative Mail Organizer with Removable Chalkboard and 4 Anchor Hooks - Rustic Home Decor for Enrtyway, Apartment(Retro Brown)","Rebee Vision","$29.98","413","12","$12,382","09/29/2022","$19.05","4.6","194","$10.93","74,036","7","FBA","1","Home & Kitchen","Standard","3.55 x 8.5 x 16 in","1.8 lb","https://www.amazon.com/dp/B0BGPF491C"
"","","B09NL16DV8","ADIIL Mail and Key Holder for Wall Decorative, Wooden Wall Key Rack Organizer with 4 Double Key Hooks, Wall Mount Key Hanger for Wall with Shelf, Rustic Home Decor for Entryway Hallway, Brown","ADIIL","$20.99","1,064","31","$22,333","12/12/2021","$12.05","4.7","906","$8.94","29,898","6","FBA","1","Home & Kitchen","Standard","7.68 x 3.94 x 12.71 in","1 lb","https://www.amazon.com/dp/B09NL16DV8"
"","","B088HBD28F","EASEPRES Mail Organizer Wall Mount Hanging File Holder Storage, Metal Chicken Wire Magazine Rack 3 Tier, Black","EASEPRES","$21.97","313","8","$6,877","05/11/2020","$12.24","4.6","698","$9.73","30,292","6","FBA","1","Office Products","Standard","3.74 x 11.6 x 12.8 in","1.43 lb","https://www.amazon.com/dp/B088HBD28F"
"","","B09P42Z1CJ","FIPUTE Mail and Key Holder for Wall, Decorative Entryway Organizer Shelf with Hooks for Dog Leash, Sunglasses, Purses, Coats  100% Solid Wood Key Hanger 11.8 x 5.9 x 3.2","FIPUTE","$14.99","459","16","$6,880","12/22/2021","$7.60","4.6","826","$7.39","58,413","7","FBA","1","Home & Kitchen","Standard","3.2 x 5.9 x 11.8 in","1.34 lb","https://www.amazon.com/dp/B09P42Z1CJ"
"","","B08H53572F","PAG 5-Tier Wall File Holder Hanging Mail Organizer Wood Magazine Literature Rack with 6 Hooks, Dark Gray","PAG","$34.99","550","23","$19,245","03/20/2018","$21.51","4.7","1,169","$13.48","10,899","7","FBA","1","Office Products","Standard","5.04 x 16.24 x 13.39 in","9.11 lb","https://www.amazon.com/dp/B08H53572F"
"","","B0BRQ4JXQR","DORAMII Rustic Wooden Mail Holder Wall Mounted with 4 Key Hooks, Wooden Mail Sorter Organizer, 2 Slot Mail and Key Holder for Wall and Rustic Home Decor Entryroom, Mudroom, Hallway, Kitchen, Office","DORAMII","$24.99","45","2","$1,125","01/04/2023","$14.21","4.4","364","$10.78","348,889","5","FBA","1","Home & Kitchen","Standard","10.55 x 4.02 x 16.73 in","2.05 lb","https://www.amazon.com/dp/B0BRQ4JXQR"
"","","B09JK6NQVS","Yuzehuaza Hanging Wall File Organizer Metal Wall Mounted File Holder Folder with Handles and Hooks, Magazine Document Rack, for Home Office or Decor, 3 Packs (Patent Pending)","Yuzehuaza","$27.99","447","14","$12,512","01/09/2022","$17.06","4.5","316","$10.93","17,889","7","FBA","2","Office Products","Standard","11.46 x 3.11 x 12.4 in","4.88 lb","https://www.amazon.com/dp/B09JK6NQVS"
"","","B0BV8ZNW7M","Mail Organizer Wall Mount - Mail Organizer Countertop, Rustic Mail Organizer for Wall, Office Mail Holder for Desk, Wood Mail Storage Organizer, Letter Holder, Mail Tray, Mail Basket - Grey","BOTOP","$19.99","849","30","$16,972","02/08/2023","$12.47","4.7","305","$7.52","8,363","7","FBA","1","Office Products","Standard","3 x 3 x 9 in","13.4 oz","https://www.amazon.com/dp/B0BV8ZNW7M"
"","","B0CDBY798C","CLESOO Key and Mail Holder for Wall Mount - 8 Key Hooks Wall Mail Organizer with 2 Mail Holders, Magnetic Board, Floating Shelf - Key Rack Hanger Home Decorative for Entryway Hallway Letter","CLESOO","$26.95","240","9","$6,468","07/31/2023","$15.58","4.6","80","$11.37","100,089","7","FBA","1","Home & Kitchen","Standard","11.81 x 2.36 x 14.56 in","1.43 kg","https://www.amazon.com/dp/B0CDBY798C"
"","","B0B2P5X15C","PAG Wall File Holder Wall Mounted Wood Hanging File Organizer for Office, 2 Pockets, Brown","PAG","$29.99","450","17","$13,496","05/29/2022","$17.86","4.6","100","$12.13","14,801","6","FBA","1","Office Products","Standard","9.65 x 4.02 x 14.88 in","7.17 lb","https://www.amazon.com/dp/B0B2P5X15C"
"","","B09WD18VQ2","Leather At Home, Rustic Wall File Organizer, Door Hanger for Documents, Office Letters, Invoices & Envelopes, Full Grain Leather Vintage Holder, Handmade, Bourbon Brown","Leather At Home","$30.99","115","3","$3,564","03/22/2022","$22.80","4.8","18","$8.19","66,432","7","FBA","1","Office Products","Standard","5 x 10.25 x 12.63 in","4 oz","https://www.amazon.com/dp/B09WD18VQ2"
"","","B0CLNJ8BW4","DRASTAR Mail Organizer Wall Mounted, Mail Holder for Wall, Mail and Key Organizer, Black Hanging Mail Sorter, Letter Organizer for Home, Office, House Wall Decor","DRASTAR","$24.95","180","6","$4,491","12/28/2023","","5","1","","36,610","","FBA","1","Office Products","","","","https://www.amazon.com/dp/B0CLNJ8BW4"
"","","B0B4SF65YM","OROPY Entryway Mail Holder with Key Hooks, 11.0' L2.6' W5.1' H, Wall Mounted Matte Black Metal Wire Mesh Storage Basket with 5 Hooks, Easy to Organize Letters, Magazines, Keys, Leashes for Entryway","OROPY","$13.99","1,763","57","$24,664","08/14/2022","$7.37","4.8","3,684","$6.62","15,504","7","FBA","1","Home & Kitchen","Standard","2.6 x 5.1 x 11 in","16 oz","https://www.amazon.com/dp/B0B4SF65YM"
"","","B07Y67ZCJS","EASEPRES 5 Pocket Mesh Hanging Wall File Organizer, Wall Mounted Mail Paper Document Folder Holder, Clipboard Storage Organization Magazine Rack with Nametag Label for Office Home School, Black","EASEPRES","$22.95","2,175","77","$49,916","09/20/2019","$12.48","4.7","1,831","$10.47","2,972","6","FBA","4","Office Products","Standard","3.9 x 14.9 x 12.8 in","2.85 lb","https://www.amazon.com/dp/B07Y67ZCJS"
"","","B08TBX4VWH","Key and Mail Holder for Wall Decorative - Rustic Mail Organizer Wall Mount, Wooden Letter Sorter Organizer with 4 Key Rack Hooks for Hallway Kitchen Farmhouse Decor (16.5 x 9.1 x 3.4) (White)","Lucundm","$20.99","247","11","$5,185","01/18/2021","$11.11","4.6","540","$9.88","85,452","7","FBA","1","Home & Kitchen","Standard","9.65 x 4.13 x 17.28 in","1 lb","https://www.amazon.com/dp/B08TBX4VWH"
"","","B08VDWJB9L","Nekon Mail Holder for Wall  Rustic Mail Organizer with Key Hooks for Hallway Kitchen Farmhouse Decor  Letter Sorter Made of Paulownia Wood with Floating Shelf, (16.5 x 9.1 x 3.4)","Nekon","$28.99","210","7","$6,088","01/28/2021","$20.12","4.7","1,325","$8.87","133,545","7","FBA","1","Home & Kitchen","Standard","9.8 x 4.02 x 17.56 in","16 oz","https://www.amazon.com/dp/B08VDWJB9L"
"","","B06ZYN3VZF","EASEPRES Mesh 3 Pockets Hanging File Organizer Vertical Wall File Holder Rack","EASEPRES","$19.99","1,524","37","$30,465","04/12/2017","$5.77","4.7","1,199","$14.22","6,576","5","FBA","5","Office Products","Oversize","13.8 x 2.8 x 21.8 in","2.9 lb","https://www.amazon.com/dp/B06ZYN3VZF"
"","","B09NL3VHD8","FKTXCO Wall File Organizer Holder No Drilling Wall Mount Hanging File Organizer Door Office Mail Supplies Storage Magazine Envelope Planner Wall Single Pocket Off White Plastic","FKTXCO","$11.99","338","14","$4,053","07/01/2021","$6.42","4.5","197","$5.57","17,359","7","FBA","1","Office Products","Standard","2.5 x 6.1 x 10.3 in","10.9 oz","https://www.amazon.com/dp/B09NL3VHD8"
"","","B09JW5X7FF","RiteSune Wall Mounted File Manazine Mail Rack Holder, Metal Basket Shelf Wall Organizer for Newspapers, Magazines, Fit for Office, Home(5 Tier, Black)","RiteSune","$79.99","106","2","$8,479","10/19/2021","$54.87","4.8","16","$25.12","78,587","6","FBA","2","Office Products","Oversize","4.5 x 36 x 10 in","5.64 lb","https://www.amazon.com/dp/B09JW5X7FF"
"","","B0BZGN3CTB","Merely Home 2 Pack Premium Clear Acrylic Wall File Organizer | Mail Holder Wall Mount | Wall Organizer for Office | Hanging File Organizer| 3 Colors of Screw Caps Included","Merely Home","$59.99","95","4","$5,699","06/12/2023","$45.20","4.6","29","$14.79","57,265","6","FBA","1","Office Products","Standard","13 x 12 x 2.5 in","2 lb","https://www.amazon.com/dp/B0BZGN3CTB"
"","","B019IZH4BK","mDesign Plastic Wall Mount Mail and Key Holder with 5 Hooks, Hanger Rack Shelf for Home Entryway, Mudroom, Kitchen, Hold Letters, Cards, Magazines, Coats, Umbrellas, Ligne Collection - White","mDesign","$8.99","220","10","$1,978","12/17/2015","$3.87","4.5","7,044","$5.12","93,967","7","FBA","1","Home & Kitchen","Standard","10.75 x 4.38 x 2.38 in","0.21 kg","https://www.amazon.com/dp/B019IZH4BK"
"","","B0CPNY9XX4","YINMIT Mail Organizer Countertop,Letter Holder,Mail Sorter for Desk,Desktop Mail Basket,Mail Organizer Wall Mounted,Office Desk Organizers and Accessories for File Paper Folder","YINMIT","$26.99","270","9","$7,287","12/06/2023","$19.17","","","$7.82","26,942","7","FBA","1","Office Products","Standard","8 x 3 x 13 in","8 oz","https://www.amazon.com/dp/B0CPNY9XX4"
"","","B08X2GQW7F","Metal Mail Envelope Holder Wall Mounted Hanging Envelope Decor Mail Organizer Holder and a Row Hook for Home Or Office","Hotop","$18.99","60","2","$1,139","05/28/2021","$10.35","4.1","77","$8.64","76,604","7","FBA","1","Office Products","Standard","12.165 x 12.362 x 2.677 in","1.202 lb","https://www.amazon.com/dp/B08X2GQW7F"
"","","B0BV6MPF4W","DALTACK Wall File Holder 10 Tier Hanging Wall File Organizer, for Papers Mails Folders Clipboard Magazine Organization, for Office Home, Mesh Metal, Black","DALTACK","$45.99","615","20","$28,284","02/07/2023","$27.42","4.6","151","$18.57","12,619","6","FBA","2","Office Products","Oversize","4 x 25 x 13 in","4.94 lb","https://www.amazon.com/dp/B0BV6MPF4W"