"Export time:  1/30/2024, 5:16:24 PM","","ASIN","Product Name","Brand","Price","Monthly Units Sold","Daily Units Sold","Monthly Revenue","Date First Available","Net Revenue","Star Rating","Reviews","Amazon Fees","BSR","LQS","Seller Type","Sellers","Category","Product Tier","Dimensions","Weight","Link"
"","","B07TYP2ZW5","Amazon Basics Collapsible Fabric Storage Cubes with Oval Grommets - 6-Pack, Linked","Amazon Basics","$19.68","","","","12/18/2019","$7.79","4.8","2,370","$11.89","667","6","AMZ","4","Our Brands","Oversize","10.5 x 11 x 10.5 in","15 oz","https://www.amazon.com/dp/B07TYP2ZW5"
"craft organizers and storage","","B07K6VF8GJ","SimpleHouseware Utility Cart with 12 Drawers Rolling Storage Art Craft Organizer on Wheels","Simple Houseware","$72.87","1,238","35","$90,213","11/04/2018","$47.30","4.4","2,819","$25.57","7,105","5","FBA","4","Office Products","Oversize","2 x 1 x 19 in","16 lb","https://www.amazon.com/dp/B07K6VF8GJ"
"Average Monthly Sales: 4,301","","B09YHZHV53","SimpleHouseware Utility Cart with 10 Drawers Rolling Storage Art Craft Organizer on Wheels, Metal","Simple Houseware","$59.87","1,572","46","$94,116","04/20/2022","","4.3","822","","5,259","6","FBA","2","Office Products","","","","https://www.amazon.com/dp/B09YHZHV53"
"Average Revenue: $168,517","","B0B4FZWRVR","HAIXIN Closet Organizers and Storage, Plastic Trunk Organizer, Dorm Room Essentials, 8.4 Gal Collapsible Storage Bins, Stackable Closet Organizer, 3 Pack Dorm Storage Bins with Lids and Doors","HAIXIN","$129.99","8,598","241","$1.12M","07/28/2022","$79.13","4.5","3,499","$50.86","2,311","6","FBA","3","Home & Kitchen","Oversize","12.2 x 35.43 x 19.29 in","10 lb","https://www.amazon.com/dp/B0B4FZWRVR"
"Average Price: $44.46","","B09XB5G91C","Panana 5-Drawer Chest with 1 Door, Wooden Chest of Drawers Storage Dresser Cabinet with Wheels, Office Organization and Storage, Bedroom Furniture","Panana","$105.99","1,006","40","$106,626","04/05/2022","","4.3","217","","23,147","7","FBA","1","Home & Kitchen","","","","https://www.amazon.com/dp/B09XB5G91C"
"Average No. of Ratings: 2,144","","B0BC8Y1W77","Citylife 17 QT Plastic Storage Box with Removable Tray Craft Organizers and Storage Clear Storage Container for Organizing Lego, Bead, Tool, Sewing, Playdoh","ITYLIFE CITYLIFE","$34.99","4,385","136","$153,431","08/28/2022","","4.8","215","","617","6","FBA","1","Arts, Crafts & Sewing","","","","https://www.amazon.com/dp/B0BC8Y1W77"
"Average Sales Rank: 17,918","","B00W8KDR0A","Creative Options 1363-83 Grab N' Go Rack System, Soft Blue,Medium","Creative Options","$54.29","191","4","$10,369","05/19/2014","$33.03","4.7","4,735","$21.26","34,640","5","AMZ","9","Arts, Crafts & Sewing","Oversize","12.99 x 9.06 x 13.07 in","5.34 lb","https://www.amazon.com/dp/B00W8KDR0A"
"Average Rating Number: 4.5","","B09TFWSNB3","ClearSpace Plastic Storage Bins with Lids  Perfect Kitchen Organization or Pantry Fridge Organizer, and Bins, Cabinet Organizers","ClearSpace","$49.99","849","24","$42,442","02/24/2022","$34.56","4.7","1,414","$15.43","11,802","7","FBA","11","Kitchen & Dining","Standard","12.48 x 13.03 x 7.09 in","6.64 lb","https://www.amazon.com/dp/B09TFWSNB3"
"","","B09GW2D25T","ClearSpace Plastic Pantry Organization and Storage Bins With Lids  Perfect Kitchen Storage  Fridge, Refrigerator, Cabinet Organizers","ClearSpace","$59.99","763","27","$45,772","04/17/2022","","4.7","575","","10,322","6","FBA","3","Kitchen & Dining","","","","https://www.amazon.com/dp/B09GW2D25T"
"","","B0BFD7NKWY","Kuject X-Large Shoe Storage Boxes Organizers for Closet 12 Pack, Clear Plastic Stackable Sneaker Containers/Bins for Entryway, Space Saving Shoe Rack Bin Holder, White","Kuject","$39.99","20,917","974","$836,471","09/14/2022","","4.4","9,430","","182","6","FBA","22","Home & Kitchen","","","","https://www.amazon.com/dp/B0BFD7NKWY"
"","","B0BBCH5H7Y","SEE SRPING XX-Large 12 Pack Shoe Storage Box, Clear Plastic Stackable Shoe Organizer for Closet, Shoe Rack Sneaker Containers Bins Holders Fit up to Size 14 (Clear)","SEE SPRING","$53.99","26,215","761","$1.42M","08/20/2022","$37.66","4.2","24,342","$16.33","303","7","FBA","6","Home & Kitchen","Standard","6.02 x 10.12 x 14.17 in","1 lb","https://www.amazon.com/dp/B0BBCH5H7Y"
"","","B0CL9NDKLQ","AHEONLAR 4 Tier Plastic Storage Bins with Drawers - Foldable Stackable Storage Bins with Lids - Closet Craft Organizers and Storage - 24QT Plastic Drawer Storage for Bedroom Study Toy Room Office","AHEONLAR","$33.99","3,667","121","$124,641","10/17/2023","$16.15","3.9","105","$17.84","6,156","7","FBA","1","Home & Kitchen","Oversize","11.2 x 8.7 x 15.6 in","7.61 lb","https://www.amazon.com/dp/B0CL9NDKLQ"
"","","B0CG66KQ1Q","TOOLF Utility Cart with Drawers and Wooden Tabletop,4 Drawers Rolling Storage Cart,Arts and Crafts Organizer Storage Cart for Bedroom,Kid's Room,Dorm,Classroom,Office,Brown","TOOLF","$44.99","424","12","$19,076","08/20/2023","","3.9","26","","19,566","7","FBA","1","Office Products","","","","https://www.amazon.com/dp/B0CG66KQ1Q"
"","","B0BM3TRXWZ","Jutieuo 24 Pack Mixed Sizes Rectangular Mini Plastic Containers Clear Plastic Storage Boxes with Hinged Lids and Labels Empty Beads Organizers for Small Items Art Craft Jewelry Projects","Jutieuo","$16.99","997","36","$16,939","11/10/2022","$9.30","4.5","222","$7.69","3,644","6","FBA","1","Arts, Crafts & Sewing","Standard","1.2 x 4.3 x 7.1 in","0.56 kg","https://www.amazon.com/dp/B0BM3TRXWZ"
"","","B09KH9BRM6","Amazon Basics Collapsible Fabric Storage Cube Organizer Bins - Pack of 6, Black With White Plus Signs, 13x15x13'","Amazon Basics","$31.34","","","","06/26/2022","$18.41","4.7","1,971","$12.93","2,282","6","AMZ","5","Our Brands","Standard","13.386 x 13.661 x 6.654 in","9.943 lb","https://www.amazon.com/dp/B09KH9BRM6"
"","","B0CN1L19RK","BISupply Blueprint Holder Map Storage on Wheels - 20 Slot White Rolled Architectural Plan Cart","BISupply","$93.99","","","","11/08/2023","","","","","","6","FBA","1","","","","","https://www.amazon.com/dp/B0CN1L19RK"
"","","B0BFG36DXH","9 Cube Closet Organizers, Includes All Storage Cube Bins, Easy To Assemble Storage Unit With Drawers | Room Organizer For Clothes, Baby Closet Bedroom, Playroom, Dorm (Light Grey)","NEATERIZE","$59.96","4,650","106","$278,814","09/14/2022","","3.9","9,379","","7,338","7","FBA","2","Home & Kitchen","","","","https://www.amazon.com/dp/B0BFG36DXH"
"","","B002OHDTMI","Honey-Can-Do Rolling Storage Cart and Organizer with 12 Plastic Drawers","Honey-Can-Do","$74.99","4,122","101","$309,109","06/11/2007","$40.36","4.5","22,968","$34.63","2,151","6","AMZ","5","Office Products","Oversize","16.38 x 31.1 x 10.55 in","18.75 lb","https://www.amazon.com/dp/B002OHDTMI"
"","","B0C8RXPQH5","IRIS USA 9.4 Qt 2 Layer Stack and Carry Storage Containers with Bulked-Up Lid and 4 Removable Dividers, for Art and Craft Supplies Stationeries Medicine Play-Doh Nail Polish, Portable, Clear/Violet","IRIS","$17.99","11,193","427","$201,362","09/17/2023","","4.6","2,164","","901","7","AMZ","2","Home & Kitchen","","","","https://www.amazon.com/dp/B0C8RXPQH5"
"","","B0B87WR93P","Spacrea Pen Holder Desk Organizer - Desk Organizers and Accessories, Pencil Holder with 10 Compartments and 1 DrawerWhite","Spacrea","$19.99","2,278","65","$45,537","08/30/2022","","4.6","2,141","","3,603","7","FBA","1","Office Products","","","","https://www.amazon.com/dp/B0B87WR93P"
"","","B0B45ZH9M2","Citylife 17 QT Plastic Storage Bins Clear Storage Box with Lids Multipurpose Stackable Storage Containers for Organizing Tool, Craft, Lego, Crayon","ITYLIFE CITYLIFE","$34.97","913","44","$31,928","11/13/2022","","4.8","138","","20,457","6","FBA","3","Home & Kitchen","","","","https://www.amazon.com/dp/B0B45ZH9M2"
"","","B0B76QGGPV","Gamtik Individual Storage Bag Organizer for Kitchen Drawer, with Foil and Plastic Wrap Organizer for Kitchen Organizers and Storage, for Gallon, Quart, Sandwich, Snack","Gamtik","$39.95","5,655","177","$225,917","07/20/2022","","4.4","742","","1,024","6","FBA","1","Kitchen & Dining","","","","https://www.amazon.com/dp/B0B76QGGPV"
"","","B09P9VPM1Q","ClearSpace Plastic Pantry Organization and Storage Bins with Removable Dividers  XL Perfect for Kitchen,Refrigerator, Cabinet, 4 Pack","ClearSpace","$49.99","1,063","33","$53,139","05/10/2022","$35.46","4.2","240","$14.53","8,171","7","FBA","8","Kitchen & Dining","Standard","7.3 x 3.5 x 15 in","5.95 lb","https://www.amazon.com/dp/B09P9VPM1Q"
"","","B0CNS51N18","Samsill Over the Door Hanging Yarn Bag Holds 20 Skeins, Clear Expandable Compartments with Individual Holes Allow Easy Access to Yarn, Dustproof Crochet and Yarn Bag for Organizing Craft Supplies","Samsill","$24.02","60","2","$1,441","12/17/2023","","4.5","26","","67,804","","AMZ","1","Arts, Crafts & Sewing","","","","https://www.amazon.com/dp/B0CNS51N18"
"","","B09GW5ZXWR","CLEARSPACE Plastic Storage Bins With lids  Perfect Kitchen Organization or Pantry Storage  Fridge Organizer, Pantry Organization and Storage Bins, Cabinet Organizers - 4 Pack","ClearSpace","$39.99","4,329","154","$173,117","04/17/2022","$26.36","4.7","1,219","$13.63","1,259","6","FBA","9","Kitchen & Dining","Standard","11.3 x 11.73 x 7.99 in","5.95 lb","https://www.amazon.com/dp/B09GW5ZXWR"
"","","B0CHYJ8BHJ","Citylife 3 PCS Plastic Storage Bins with Lids and Latches, Portable Project Case for Drawers, Clear Stackable File Box for Organizing A4 Paper, Letters, Documents, Art Supplies, and Crafts","ITYLIFE CITYLIFE","$39.97","254","9","$10,152","09/12/2023","","4.6","8","","26,828","7","FBA","1","Office Products","","","","https://www.amazon.com/dp/B0CHYJ8BHJ"
"","","B0CH8FK9TK","16 Drawers, Acrylic Desk Makeup Organizer, Plastic Drawers Organizer, Stackable Storage Solution for Makeup, Dresser, Office, Bathroom Clear Plastic Craft and Bead Storage Cabinet","ARSTPEOE","$39.99","2,066","43","$82,619","09/03/2023","","4.3","32","","5,719","6","FBA","2","Office Products","","","","https://www.amazon.com/dp/B0CH8FK9TK"
"","","B0CB643MKB","HoneySky Plastic Storage Bins Organizer, 15.35'11.0032.87, White Plus Light Brown","HoneySky","$55.99","8,362","320","$468,188","07/04/2023","$23.83","4.3","260","$32.16","1,476","7","FBA","10","Home & Kitchen","Oversize","11 x 32.87 x 15.35 in","7.96 lb","https://www.amazon.com/dp/B0CB643MKB"
"","","B0CN38W7WM","7-Drawer Chest Storage, Mobile Office File Cabinet Wood Organizer, Rolling Printer Stand with Wheels","NEWBULIG","$76.99","1,140","38","$87,769","10/18/2023","","4.1","57","","6,529","6","AMZ","1","Office Products","","","","https://www.amazon.com/dp/B0CN38W7WM"
"","","B0B67PCFLQ","23Qt Plastic Storage Bins Organizer 3 Tier, Stackable Storage Boxes with Lids, Storage Containers for Bedroom Living Room Kitchen Study Office, Folding Storage Boxes","CTSNSLH","$32.99","9,442","314","$311,492","08/24/2022","","4.5","1,869","","1,523","7","FBA","11","Home & Kitchen","","","","https://www.amazon.com/dp/B0B67PCFLQ"
"","","B0CP3JC4PK","WMM 13 Inch Art Craft Organizer Storage Box with 3 Layers, Multifunctional Plastic Sewing Organizing Box with Handle, for Medicine, Art Supply, Makeup, Nail, Hair Accessories, Perfect Organizer Bins","WMM","$22.99","30","1","$689.70","11/27/2023","$12.96","5","2","$10.03","138,182","7","FBA","1","Arts, Crafts & Sewing","Standard","6.9 x 7.1 x 13 in","1 lb","https://www.amazon.com/dp/B0CP3JC4PK"
"","","B0B1M6ML2J","WOWBOX 25 PCS Clear Plastic Drawer Organizer Set, 4 Sizes Desk Drawer Divider Organizers and Storage Bins for Makeup, Jewelry, Gadgets for Kitchen, Bedroom, Bathroom, Office","WOWBOX","$25.99","43,381","1,168","$1.13M","06/24/2022","$15.36","4.5","6,517","$10.63","123","6","FBA","7","Home & Kitchen","Standard","7.48 x 9.37 x 6.26 in","4.341 lb","https://www.amazon.com/dp/B0B1M6ML2J"
"","","B0CG62L2XN","TOOLF Utility Cart with 5 Drawers,Storage Drawer Cart with Wooden Tabletop and Lockable Wheels,Craft Storage Trolley Cart,5-Tier Rolling Utility Cart on Wheels (Brown)","TOOLF","$46.99","382","12","$17,950","08/20/2023","","4.2","19","","19,566","7","FBA","1","Office Products","","","","https://www.amazon.com/dp/B0CG62L2XN"
"","","B0C6JWKXLM","CATOOMUU 2 Pcs 5.5qt 8.5 x 11 Plastic Portable Project Case With Snap-Tight Latch Clear Stackable Storage Box With Lids Organizer Container For A4 File Photo Documents Scrapbook Craft Art Supplies","CATOOMUU","$29.99","785","22","$23,542","05/28/2023","","4.7","94","","11,346","","FBA","1","Office Products","","","","https://www.amazon.com/dp/B0C6JWKXLM"
"","","B0C822KRH3","Desk Organizer with Drawers, 3 Drawers Storage Organizer, Desktop Storage Drawers for Office Supplies, Plastic Stationary Organizer, Makeup Organizer, Desk Storage Box for Office, School, Home","ORGIDOL","$17.99","1,342","37","$24,143","07/09/2023","$8.56","4.5","114","$9.43","6,739","7","FBA","1","Office Products","Standard","9.5 x 10.6 x 6.5 in","1.2 lb","https://www.amazon.com/dp/B0C822KRH3"
"","","B0BQ3H7PT8","Clear Storage Bin with Lid 3 Pack 【Stackable & Sturdy】Plastic Bins for Storage, Multifunctional Folding Storage Bins for Bedroom, Living Room, Study, Toy Room, 24 QT Folding Box with Magnetic door","Kmiectse","$40.99","3,980","94","$163,140","12/28/2022","$17.54","4.7","869","$23.45","8,532","7","FBA","3","Home & Kitchen","Oversize","11.02 x 8.66 x 14.96 in","4.72 kg","https://www.amazon.com/dp/B0BQ3H7PT8"
"","","B0CH8X6XCK","Plastic Storage Baskets With Bamboo Lid - Plastic Storage Containers Stackable Storage bins: Storage Baskets for Organizing Shelves Drawers Desktop Closet Playroom Classroom Office, 6 Pack","Ohmlove","$36.99","1,325","39","$49,012","10/12/2023","","4.6","72","","23,328","7","FBA","1","Home & Kitchen","","","","https://www.amazon.com/dp/B0CH8X6XCK"
"","","B09L4R5T55","ULG 1 Pack Over Door Organizer with 5 Large Pockets 10 Mesh Side Pockets, 44 lbs Weight Capacity Hanging Storage Organizer with Clear Window Kids Toys, Shoes, Diapers, Dark Grey, 5 Layers","ULG","$26.17","8,652","288","$226,423","11/04/2021","$15.81","4.8","2,684","$10.36","1,753","7","FBA","3","Home & Kitchen","Standard","10.04 x 16.02 x 2.64 in","3.241 lb","https://www.amazon.com/dp/B09L4R5T55"
"","","B0C4QB5N3W","Everything Mary Plastic Craft Storage Organizer Box, Purple - Container for Beads & Supplies - Organizers for Craft, Art, & Painting - Plastic Container Case for Organization","Everything Mary","$24.99","290","8","$7,247","05/08/2023","$14.21","4.3","102","$10.78","18,265","5","FBA","1","Arts, Crafts & Sewing","Standard","9.84 x 7.08 x 11 in","1.95 lb","https://www.amazon.com/dp/B0C4QB5N3W"
"","","B0CGHXVKW2","30Pcs Mixed Sizes Rectangle Mini Plastic Containers,Clear Bead Organizer Storage Boxes,Small Craft Storage Boxes with Hinged Lids for Jewelry,Office Supplies,Small Items","Xanllaxa","$12.99","288","7","$3,741","08/23/2023","$5.90","4.9","12","$7.09","22,382","6","FBA","1","Arts, Crafts & Sewing","Standard","5.91 x 5.51 x 7.48 in","1.65 lb","https://www.amazon.com/dp/B0CGHXVKW2"
"","","B0C999Z6Y8","Bead Organizer Box, 30Pcs Small Clear Plastic Bead Storage Containers, 1 Craft Storage Box with Hinged Lid, 1 Sheet Label Sticker, Mini Storage Box for Jewelry Making Beading Crafts Screws Small Parts","HOXILOB","$15.99","1,132","27","$18,101","06/24/2023","","4.7","78","","5,104","7","FBA","1","Arts, Crafts & Sewing","","","","https://www.amazon.com/dp/B0C999Z6Y8"
"","","B09VTJ8K9D","Honey-Can-Do Honey Can Do 12-Drawer Metal Rolling Storage Cart with Side Pockets CRT-09104 White","Honey-Can-Do","$77.57","152","4","$11,791","03/16/2022","$42.08","4.5","392","$35.49","51,236","6","AMZ","5","Office Products","Oversize","10.63 x 31.81 x 16.34 in","18.94 lb","https://www.amazon.com/dp/B09VTJ8K9D"
"","","B0CHJ8S7ZC","SNSLXH 16 Drawers Makeup Organizer, Acrylic Clear Drawer Organizer, Clear Makeup Organizer, Plastic Storage Drawers for Vanity, Bathroom, Closet, Desk","SNSLXH","$39.99","260","8","$10,397","09/06/2023","$20.11","4.4","23","$19.88","53,479","6","FBA","2","Beauty & Personal Care","Oversize","9.8 x 28.3 x 7 in","9.34 lb","https://www.amazon.com/dp/B0CHJ8S7ZC"
"","","B08RRWP81Z","GAMENOTE Rotating Art Supplies Organizer - Lazy Susan Office School Supply for Kids Desk Organization and Storage Homeschool Craft Caddy Classroom Organization (Large)","GAMENOTE","$24.99","637","17","$15,919","12/30/2020","$14.21","4.8","1,451","$10.78","14,103","7","FBA","1","Office Products","Standard","11.102 x 11.299 x 5.551 in","2.527 lb","https://www.amazon.com/dp/B08RRWP81Z"
"","","B0BW14854J","mDesign Plastic Portable Craft Storage Organizer Caddy Tote, Divided Basket Bin with Handle for Crafts, Sewing, Art Supplies - Holds Brushes, Colored Pencils - Lumiere Collection - Smoke Gray","mDesign","$16.99","2,033","52","$34,541","02/15/2023","","4.8","3,694","","2,312","7","FBA","1","Arts, Crafts & Sewing","","","","https://www.amazon.com/dp/B0BW14854J"
"","","B0CD7DKYNB","HoneySky 6 Pack - 8.5 Gallon Storage Bins with Lids and Wheels, Collapsible & Stackable Closet Organizers, Foldable Storage Containers Plastic Shelves for Clothes Shoe Book, White","HoneySky","$159.99","620","32","$99,194","09/20/2023","","4.8","9","","28,837","7","FBA","1","Home & Kitchen","","","","https://www.amazon.com/dp/B0CD7DKYNB"
"","","B0CDW67QW2","Crafit Organizers and Storage Compatible with Cricut Machines, Rolling Craft Storage Cart with 30 Vinyl Roll Holders, Crafting Table Organization Workstation for Craft Room Home - Compact Removable","Crafit","$89.99","683","18","$61,463","09/09/2023","$61.85","4.3","69","$28.14","8,081","7","FBA","1","Arts, Crafts & Sewing","Oversize","18.07 x 4.17 x 29.25 in","14.37 lb","https://www.amazon.com/dp/B0CDW67QW2"
"","","B09BDKWRS3","CRAFTSMAN Storage Organizer, 30 Small Drawer Modular Storage System, Easily Stackable (CMST40730)","Craftsman","$24.98","2,422","84","$60,502","07/30/2021","$12.40","4.7","1,177","$12.58","3,585","6","AMZ","5","Tools & Home Improvement","Standard","6.04 x 8.78 x 14.24 in","1.34 kg","https://www.amazon.com/dp/B09BDKWRS3"
"","","B09JB1DF1C","Plaid Rotational Organizer Storage Container That Stores 24 Standard 2 fl oz Bottles of Acrylic Paint for DIY Arts and Crafts, 31100, Black","Plaid","$32.69","138","2","$4,511","10/06/2021","$21.06","4","203","$11.63","75,899","7","AMZ","4","Arts, Crafts & Sewing","Standard","10.2 x 4.8 x 12 in","2.3 lb","https://www.amazon.com/dp/B09JB1DF1C"
"","","B0BY8V2VMS","Makeup Organizer With 16 Drawers, 4 Pcs Desktop Office Supplies, Desk Organizers, Clear Desk Accessories, Dustproof Drawer Storage for Make Up, Jewelry, Pen, Stationary","caktraie","$39.99","4,030","82","$161,160","03/12/2023","$19.73","4.7","534","$20.26","2,764","7","FBA","5","Office Products","Oversize","9.84 x 28.29 x 7 in","2.2 lb","https://www.amazon.com/dp/B0BY8V2VMS"
"","","B0CHQWR2B2","Craft Rolling Cart with Wheels - 40 Storage Pockets - Portable Organizer for Arts & Craft Supplies","LC Crafts","$49.99","60","2","$2,999","09/09/2023","","4.8","18","","98,341","6","FBA","1","Office Products","","","","https://www.amazon.com/dp/B0CHQWR2B2"
"","","B08DKT4WSY","BTSKY 2 Layer Stack & Carry Box, Plastic Multipurpose Portable Storage Container Box Handled Organizer Storage Box for Organizing Stationery, Sewing, Art Craft, Jewelry and Beauty Supplies Blue","BTSKY","$25.99","2,183","71","$56,736","07/23/2020","$14.16","4.4","1,947","$11.83","1,558","6","FBA","2","Arts, Crafts & Sewing","Standard","10.63 x 7.48 x 14.37 in","1.929 lb","https://www.amazon.com/dp/B08DKT4WSY"
"","","B0CG1RPVT4","Makeup Drawer Storage Organizer with 20 Drawers, 4 Set Acrylic Office Desk Organization and Storage, Dustproof Drawer Organizer for Makeup, Office, Countertop, Jewelry, Pen, Desktop, Bathroom, Bedroom","DOMNIU","$38.99","805","32","$31,387","08/17/2023","$24.91","4.8","76","$14.08","7,839","7","FBA","1","Office Products","Standard","10 x 7 x 17 in","9.31 lb","https://www.amazon.com/dp/B0CG1RPVT4"
"","","B0CC1VQK6R","CURMIO Rolling Scrapbook Tote on Wheels, Scrapbook Storage Bag with Detachable Trolley and Bottom Wooden Board, Rolling Craft Bag for Scrapbooking Supplies, Black","CURMIO","$86.99","90","3","$7,829","08/29/2023","","4.2","27","","45,470","6","FBA","1","Arts, Crafts & Sewing","","","","https://www.amazon.com/dp/B0CC1VQK6R"
"","","B0CGZ9ZK4Z","4 Tier Collapsible Storage Bins with Wheels and Lids - 23QT Stackable Closet Organizers, Foldable Plastic Containers for Home, Office, Dorm Room","Wise Oannes","$49.99","5,924","270","$296,141","08/30/2023","$33.96","4.3","145","$16.03","1,939","7","FBA","3","Home & Kitchen","Standard","11.34 x 7.8 x 17.24 in","7.8 lb","https://www.amazon.com/dp/B0CGZ9ZK4Z"
"","","B0CFDY3MPP","Desktop Drawer Organizer | 20 Drawers 4 Sets | Acrylic Makeup Organizer and Storage, Clear-Small Desk Storage Drawers, For Office Supply Storage/hair Accessories/Craft Organization","YH-MONICAQUE","$39.99","424","4","$16,956","08/10/2023","$25.31","4.6","35","$14.68","55,474","7","FBA","1","Office Products","Standard","16.52 x 9.84 x 7 in","9.2 lb","https://www.amazon.com/dp/B0CFDY3MPP"
"","","B0CNT7HC4X","64PCS Mixed Sizes Small Plastic Storage Boxe Mini Clear Storage Containers Rectangular Empty Plastic Organizer Storage Box with Hinged Lids for Small Items,Craft Projects, Art DIY Beads (6 Size)","APACALI","$27.99","30","1","$839.70","11/21/2023","","","","","96,532","6","FBA","1","Arts, Crafts & Sewing","","","","https://www.amazon.com/dp/B0CNT7HC4X"
"","","B09R1V45Y6","Sywhitta 3-Tier Plastic Rolling Utility Cart with Handle, Multi-Functional Storage Trolley for Office, Living Room, Kitchen, Movable Storage Organizer with Wheels, Black","Sywhitta","$25.97","22,053","671","$572,716","01/23/2022","$14.74","4.3","7,337","$11.23","120","7","FBA","2","Office Products","Standard","12.008 x 16.654 x 4.764 in","3.556 lb","https://www.amazon.com/dp/B09R1V45Y6"
"","","B0C58QSJPV","Marbrasse Desk Organizer, 360-Degree Rotating Pen Holder for Desk, Desk Organizers and Accessories with 5 Compartments Pencil Organizer, Art Supply Storage Box Caddy for Office, Home Light Blue","Marbrasse","$13.99","10,722","379","$150,001","05/14/2023","","4.7","2,018","","327","7","FBA","1","Office Products","","","","https://www.amazon.com/dp/B0C58QSJPV"
"","","B09MR3ZCKY","Hapinest Rotating Art Supplies Organizer Storage Caddy for Kids | Crayon Marker and Pencil Organization for School Desk Teachers Classrooms and Crafts at Home","Hapinest","$24.99","1,350","45","$33,737","11/28/2021","$14.81","4.8","599","$10.18","5,372","6","FBA","1","Office Products","Standard","10 x 5 x 10 in","1.92 lb","https://www.amazon.com/dp/B09MR3ZCKY"
"","","B0BL748G3V","Calmootey 3-Tier Rolling Utility Cart with Drawer,Multifunctional Storage Organizer with Plastic Shelf & Metal Wheels,Storage Cart for Kitchen,Bathroom,Living Room,Office,Black","Calmootey","$27.99","7,252","225","$202,983","11/01/2022","","4.1","1,927","","734","6","FBA","2","Office Products","","","","https://www.amazon.com/dp/B0BL748G3V"
"","","B0BWJFPL95","TERGOO 12in Three-Layer Multipurpose Storage Box Organizer Folding Tool Box/Art & Crafts Case/Sewing Supplies Organizer/Medicine Box/Family First Aid Box with 2 Trays (Purple Blue)","TERGOO","$23.99","3,984","105","$95,576","02/21/2023","$13.96","4.6","2,404","$10.03","911","7","FBA","1","Arts, Crafts & Sewing","Standard","7 x 6 x 12 in","1.41 lb","https://www.amazon.com/dp/B0BWJFPL95"